%YAML 1.1
%TAG !u! tag:unity3d.com,2011:
--- !u!29 &1
SceneSettings:
  m_ObjectHideFlags: 0
  m_PVSData: 
  m_PVSObjectsArray: []
  m_PVSPortalsArray: []
  m_OcclusionBakeSettings:
    smallestOccluder: 5
    smallestHole: 0.25
    backfaceThreshold: 100
--- !u!104 &2
RenderSettings:
  m_ObjectHideFlags: 0
  serializedVersion: 6
  m_Fog: 0
  m_FogColor: {r: 0.5, g: 0.5, b: 0.5, a: 1}
  m_FogMode: 3
  m_FogDensity: 0.01
  m_LinearFogStart: 0
  m_LinearFogEnd: 300
  m_AmbientSkyColor: {r: 1, g: 1, b: 1, a: 1}
  m_AmbientEquatorColor: {r: 0.114, g: 0.125, b: 0.133, a: 1}
  m_AmbientGroundColor: {r: 0.047, g: 0.043, b: 0.035, a: 1}
  m_AmbientIntensity: 1
  m_AmbientMode: 0
  m_SkyboxMaterial: {fileID: 2100000, guid: 9304b0d204a3fee4c81631cd3910ad3e, type: 2}
  m_HaloStrength: 0.5
  m_FlareStrength: 1
  m_FlareFadeSpeed: 3
  m_HaloTexture: {fileID: 0}
  m_SpotCookie: {fileID: 10001, guid: 0000000000000000e000000000000000, type: 0}
  m_DefaultReflectionMode: 0
  m_DefaultReflectionResolution: 1024
  m_ReflectionBounces: 1
  m_ReflectionIntensity: 1
  m_CustomReflection: {fileID: 8900000, guid: 01a3a50d363cf184284d2c28e2d44dd3, type: 3}
  m_Sun: {fileID: 1515498739}
--- !u!157 &3
LightmapSettings:
  m_ObjectHideFlags: 0
  serializedVersion: 6
  m_GIWorkflowMode: 1
  m_LightmapsMode: 0
  m_GISettings:
    serializedVersion: 2
    m_BounceScale: 1
    m_IndirectOutputScale: 1
    m_AlbedoBoost: 1
    m_TemporalCoherenceThreshold: 1
    m_EnvironmentLightingMode: 1
    m_EnableBakedLightmaps: 1
    m_EnableRealtimeLightmaps: 1
  m_LightmapEditorSettings:
    serializedVersion: 3
    m_Resolution: 4
    m_BakeResolution: 80
    m_TextureWidth: 1024
    m_TextureHeight: 1024
    m_AOMaxDistance: 2
    m_Padding: 2
    m_CompAOExponent: 1.5
    m_LightmapParameters: {fileID: 0}
    m_TextureCompression: 1
    m_FinalGather: 0
    m_FinalGatherRayCount: 1024
    m_ReflectionCompression: 2
  m_LightingDataAsset: {fileID: 112000026, guid: 553a6df2dafdd3640a1a66eaeb9d7323,
    type: 2}
  m_RuntimeCPUUsage: 75
--- !u!196 &4
NavMeshSettings:
  serializedVersion: 2
  m_ObjectHideFlags: 0
  m_BuildSettings:
    serializedVersion: 2
    agentRadius: 0.5
    agentHeight: 2
    agentSlope: 45
    agentClimb: 0.4
    ledgeDropHeight: 0
    maxJumpAcrossDistance: 0
    accuratePlacement: 0
    minRegionArea: 2
    cellSize: 0.16666667
    manualCellSize: 0
  m_NavMeshData: {fileID: 0}
--- !u!1 &746881
GameObject:
  m_ObjectHideFlags: 0
  m_PrefabParentObject: {fileID: 0}
  m_PrefabInternal: {fileID: 0}
  serializedVersion: 4
  m_Component:
  - 4: {fileID: 746885}
  - 33: {fileID: 746884}
  - 64: {fileID: 746883}
  - 23: {fileID: 746882}
  m_Layer: 0
  m_Name: Room_ground
  m_TagString: Untagged
  m_Icon: {fileID: 0}
  m_NavMeshLayer: 0
  m_StaticEditorFlags: 4294967295
  m_IsActive: 1
--- !u!23 &746882
MeshRenderer:
  m_ObjectHideFlags: 0
  m_PrefabParentObject: {fileID: 0}
  m_PrefabInternal: {fileID: 0}
  m_GameObject: {fileID: 746881}
  m_Enabled: 1
  m_CastShadows: 1
  m_ReceiveShadows: 1
  m_Materials:
  - {fileID: 2100000, guid: d7b647a5e61a662408054f3d05528b61, type: 2}
  m_SubsetIndices: 
  m_StaticBatchRoot: {fileID: 0}
  m_UseLightProbes: 1
  m_ReflectionProbeUsage: 1
  m_ProbeAnchor: {fileID: 0}
  m_ScaleInLightmap: 1
  m_PreserveUVs: 1
  m_IgnoreNormalsForChartDetection: 0
  m_ImportantGI: 0
  m_MinimumChartSize: 4
  m_AutoUVMaxDistance: 0.5
  m_AutoUVMaxAngle: 89
  m_LightmapParameters: {fileID: 0}
  m_SortingLayerID: 0
  m_SortingOrder: 0
--- !u!64 &746883
MeshCollider:
  m_ObjectHideFlags: 0
  m_PrefabParentObject: {fileID: 0}
  m_PrefabInternal: {fileID: 0}
  m_GameObject: {fileID: 746881}
  m_Material: {fileID: 0}
  m_IsTrigger: 0
  m_Enabled: 1
  serializedVersion: 2
  m_Convex: 0
  m_Mesh: {fileID: 10209, guid: 0000000000000000e000000000000000, type: 0}
--- !u!33 &746884
MeshFilter:
  m_ObjectHideFlags: 0
  m_PrefabParentObject: {fileID: 0}
  m_PrefabInternal: {fileID: 0}
  m_GameObject: {fileID: 746881}
  m_Mesh: {fileID: 10209, guid: 0000000000000000e000000000000000, type: 0}
--- !u!4 &746885
Transform:
  m_ObjectHideFlags: 0
  m_PrefabParentObject: {fileID: 0}
  m_PrefabInternal: {fileID: 0}
  m_GameObject: {fileID: 746881}
  m_LocalRotation: {x: 0, y: 0, z: 0, w: 1}
  m_LocalPosition: {x: -2.5, y: 0, z: -2.5}
  m_LocalScale: {x: 0.5, y: 0.5, z: 0.5}
  m_Children: []
  m_Father: {fileID: 39448040}
  m_RootOrder: 2
--- !u!1 &39448039
GameObject:
  m_ObjectHideFlags: 0
  m_PrefabParentObject: {fileID: 0}
  m_PrefabInternal: {fileID: 0}
  serializedVersion: 4
  m_Component:
  - 4: {fileID: 39448040}
  m_Layer: 0
  m_Name: Envirovement
  m_TagString: Untagged
  m_Icon: {fileID: 0}
  m_NavMeshLayer: 0
  m_StaticEditorFlags: 4294967295
  m_IsActive: 1
--- !u!4 &39448040
Transform:
  m_ObjectHideFlags: 0
  m_PrefabParentObject: {fileID: 0}
  m_PrefabInternal: {fileID: 0}
  m_GameObject: {fileID: 39448039}
  m_LocalRotation: {x: 0, y: 0, z: 0, w: 1}
  m_LocalPosition: {x: 0, y: 0, z: 0}
  m_LocalScale: {x: 1, y: 1, z: 1}
  m_Children:
  - {fileID: 1863749792}
  - {fileID: 1852449103}
  - {fileID: 746885}
  - {fileID: 1515498740}
  m_Father: {fileID: 1350484708}
  m_RootOrder: 1
--- !u!1 &82655363
GameObject:
  m_ObjectHideFlags: 0
  m_PrefabParentObject: {fileID: 134664, guid: 165fd7592c6d8d9439ed3b1102bc939f, type: 2}
  m_PrefabInternal: {fileID: 396304560}
  serializedVersion: 4
  m_Component:
  - 4: {fileID: 82655364}
  - 33: {fileID: 82655366}
  - 23: {fileID: 82655365}
  m_Layer: 0
  m_Name: OfficeTable_book1
  m_TagString: Untagged
  m_Icon: {fileID: 0}
  m_NavMeshLayer: 0
  m_StaticEditorFlags: 4294967295
  m_IsActive: 1
--- !u!4 &82655364
Transform:
  m_ObjectHideFlags: 0
  m_PrefabParentObject: {fileID: 412630, guid: 165fd7592c6d8d9439ed3b1102bc939f, type: 2}
  m_PrefabInternal: {fileID: 396304560}
  m_GameObject: {fileID: 82655363}
  m_LocalRotation: {x: 0.000000021834891, y: -0.043619383, z: 9.533319e-10, w: 0.99904823}
  m_LocalPosition: {x: -0.762693, y: 0.9519937, z: 0.18642859}
  m_LocalScale: {x: 1, y: 1, z: 1}
  m_Children: []
  m_Father: {fileID: 396304561}
  m_RootOrder: 1
--- !u!23 &82655365
MeshRenderer:
  m_ObjectHideFlags: 0
  m_PrefabParentObject: {fileID: 2397758, guid: 165fd7592c6d8d9439ed3b1102bc939f,
    type: 2}
  m_PrefabInternal: {fileID: 396304560}
  m_GameObject: {fileID: 82655363}
  m_Enabled: 1
  m_CastShadows: 1
  m_ReceiveShadows: 1
  m_Materials:
  - {fileID: 2100000, guid: 82e24537e90c0884ca29a92eb19e672e, type: 2}
  m_SubsetIndices: 
  m_StaticBatchRoot: {fileID: 0}
  m_UseLightProbes: 1
  m_ReflectionProbeUsage: 1
  m_ProbeAnchor: {fileID: 0}
  m_ScaleInLightmap: 1
  m_PreserveUVs: 0
  m_IgnoreNormalsForChartDetection: 0
  m_ImportantGI: 0
  m_MinimumChartSize: 4
  m_AutoUVMaxDistance: 0.5
  m_AutoUVMaxAngle: 89
  m_LightmapParameters: {fileID: 0}
  m_SortingLayerID: 0
  m_SortingOrder: 0
--- !u!33 &82655366
MeshFilter:
  m_ObjectHideFlags: 0
  m_PrefabParentObject: {fileID: 3317354, guid: 165fd7592c6d8d9439ed3b1102bc939f,
    type: 2}
  m_PrefabInternal: {fileID: 396304560}
  m_GameObject: {fileID: 82655363}
  m_Mesh: {fileID: 4300004, guid: 701d15f6915bc1843885e1c8a42762cf, type: 3}
--- !u!1001 &226916848
Prefab:
  m_ObjectHideFlags: 0
  serializedVersion: 2
  m_Modification:
    m_TransformParent: {fileID: 1808909775}
    m_Modifications:
    - target: {fileID: 400856, guid: 4d55bf51dc47e984b8ac425334d50d09, type: 2}
      propertyPath: m_LocalPosition.x
      value: -3.265
      objectReference: {fileID: 0}
    - target: {fileID: 400856, guid: 4d55bf51dc47e984b8ac425334d50d09, type: 2}
      propertyPath: m_LocalPosition.y
      value: 1.663
      objectReference: {fileID: 0}
    - target: {fileID: 400856, guid: 4d55bf51dc47e984b8ac425334d50d09, type: 2}
      propertyPath: m_LocalPosition.z
      value: -4.782
      objectReference: {fileID: 0}
    - target: {fileID: 400856, guid: 4d55bf51dc47e984b8ac425334d50d09, type: 2}
      propertyPath: m_LocalRotation.x
      value: 0.000000021855694
      objectReference: {fileID: 0}
    - target: {fileID: 400856, guid: 4d55bf51dc47e984b8ac425334d50d09, type: 2}
      propertyPath: m_LocalRotation.y
      value: 0.000000029802322
      objectReference: {fileID: 0}
    - target: {fileID: 400856, guid: 4d55bf51dc47e984b8ac425334d50d09, type: 2}
      propertyPath: m_LocalRotation.z
      value: -6.5135044e-16
      objectReference: {fileID: 0}
    - target: {fileID: 400856, guid: 4d55bf51dc47e984b8ac425334d50d09, type: 2}
      propertyPath: m_LocalRotation.w
      value: 1
      objectReference: {fileID: 0}
    - target: {fileID: 400856, guid: 4d55bf51dc47e984b8ac425334d50d09, type: 2}
      propertyPath: m_RootOrder
      value: 0
      objectReference: {fileID: 0}
    - target: {fileID: 118838, guid: 4d55bf51dc47e984b8ac425334d50d09, type: 2}
      propertyPath: m_StaticEditorFlags
      value: 4294967295
      objectReference: {fileID: 0}
    m_RemovedComponents: []
  m_ParentPrefab: {fileID: 100100000, guid: 4d55bf51dc47e984b8ac425334d50d09, type: 2}
  m_RootGameObject: {fileID: 1417794082}
  m_IsPrefabParent: 0
--- !u!4 &226916849
Transform:
  m_ObjectHideFlags: 0
  m_PrefabParentObject: {fileID: 400856, guid: 4d55bf51dc47e984b8ac425334d50d09, type: 2}
  m_PrefabInternal: {fileID: 226916848}
  m_GameObject: {fileID: 1417794082}
  m_LocalRotation: {x: 0.000000021855694, y: 0.000000029802322, z: -6.5135044e-16,
    w: 1}
  m_LocalPosition: {x: -3.265, y: 1.663, z: -4.782}
  m_LocalScale: {x: 1, y: 1, z: 1}
  m_Children: []
  m_Father: {fileID: 1808909775}
  m_RootOrder: 0
--- !u!1 &290752033
GameObject:
  m_ObjectHideFlags: 0
  m_PrefabParentObject: {fileID: 191924, guid: 9a6c540ad24af05428bc2fefbf84bfef, type: 2}
  m_PrefabInternal: {fileID: 664361225}
  serializedVersion: 4
  m_Component:
  - 4: {fileID: 290752034}
  - 33: {fileID: 290752036}
  - 23: {fileID: 290752035}
  m_Layer: 0
  m_Name: Pillow
  m_TagString: Untagged
  m_Icon: {fileID: 0}
  m_NavMeshLayer: 0
  m_StaticEditorFlags: 4294967295
  m_IsActive: 1
--- !u!4 &290752034
Transform:
  m_ObjectHideFlags: 0
  m_PrefabParentObject: {fileID: 437166, guid: 9a6c540ad24af05428bc2fefbf84bfef, type: 2}
  m_PrefabInternal: {fileID: 664361225}
  m_GameObject: {fileID: 290752033}
  m_LocalRotation: {x: -0.009317843, y: -0.993389, z: -0.0010731594, w: 0.1144134}
  m_LocalPosition: {x: 0.017, y: 0.535, z: -0.89}
  m_LocalScale: {x: 1, y: 1, z: 1}
  m_Children: []
  m_Father: {fileID: 664361226}
  m_RootOrder: 4
--- !u!23 &290752035
MeshRenderer:
  m_ObjectHideFlags: 0
  m_PrefabParentObject: {fileID: 2317162, guid: 9a6c540ad24af05428bc2fefbf84bfef,
    type: 2}
  m_PrefabInternal: {fileID: 664361225}
  m_GameObject: {fileID: 290752033}
  m_Enabled: 1
  m_CastShadows: 1
  m_ReceiveShadows: 1
  m_Materials:
  - {fileID: 2100000, guid: 708fc31f585959846896bda6377bc972, type: 2}
  m_SubsetIndices: 
  m_StaticBatchRoot: {fileID: 0}
  m_UseLightProbes: 1
  m_ReflectionProbeUsage: 1
  m_ProbeAnchor: {fileID: 0}
  m_ScaleInLightmap: 1
  m_PreserveUVs: 0
  m_IgnoreNormalsForChartDetection: 0
  m_ImportantGI: 0
  m_MinimumChartSize: 4
  m_AutoUVMaxDistance: 0.5
  m_AutoUVMaxAngle: 89
  m_LightmapParameters: {fileID: 0}
  m_SortingLayerID: 0
  m_SortingOrder: 0
--- !u!33 &290752036
MeshFilter:
  m_ObjectHideFlags: 0
  m_PrefabParentObject: {fileID: 3398138, guid: 9a6c540ad24af05428bc2fefbf84bfef,
    type: 2}
  m_PrefabInternal: {fileID: 664361225}
  m_GameObject: {fileID: 290752033}
  m_Mesh: {fileID: 4300000, guid: 525344424f7853f41b5f2ec8b79903dd, type: 3}
--- !u!1001 &301591727
Prefab:
  m_ObjectHideFlags: 0
  serializedVersion: 2
  m_Modification:
    m_TransformParent: {fileID: 0}
    m_Modifications:
    - target: {fileID: 445474, guid: a88a8b7b54f924842ba71b0664d20765, type: 2}
      propertyPath: m_LocalPosition.x
      value: -1
      objectReference: {fileID: 0}
    - target: {fileID: 445474, guid: a88a8b7b54f924842ba71b0664d20765, type: 2}
      propertyPath: m_LocalPosition.y
      value: 2
      objectReference: {fileID: 0}
    - target: {fileID: 445474, guid: a88a8b7b54f924842ba71b0664d20765, type: 2}
      propertyPath: m_LocalPosition.z
      value: -1
      objectReference: {fileID: 0}
    - target: {fileID: 445474, guid: a88a8b7b54f924842ba71b0664d20765, type: 2}
      propertyPath: m_LocalRotation.x
      value: .0499497801
      objectReference: {fileID: 0}
    - target: {fileID: 445474, guid: a88a8b7b54f924842ba71b0664d20765, type: 2}
      propertyPath: m_LocalRotation.y
      value: -.915975034
      objectReference: {fileID: 0}
    - target: {fileID: 445474, guid: a88a8b7b54f924842ba71b0664d20765, type: 2}
      propertyPath: m_LocalRotation.z
      value: .120590433
      objectReference: {fileID: 0}
    - target: {fileID: 445474, guid: a88a8b7b54f924842ba71b0664d20765, type: 2}
      propertyPath: m_LocalRotation.w
      value: .379411191
      objectReference: {fileID: 0}
    - target: {fileID: 445474, guid: a88a8b7b54f924842ba71b0664d20765, type: 2}
      propertyPath: m_RootOrder
      value: 0
      objectReference: {fileID: 0}
    - target: {fileID: 2005738, guid: a88a8b7b54f924842ba71b0664d20765, type: 2}
      propertyPath: m_ClearFlags
      value: 2
      objectReference: {fileID: 0}
    - target: {fileID: 2005738, guid: a88a8b7b54f924842ba71b0664d20765, type: 2}
      propertyPath: m_BackGroundColor.r
      value: .220588207
      objectReference: {fileID: 0}
    - target: {fileID: 2005738, guid: a88a8b7b54f924842ba71b0664d20765, type: 2}
      propertyPath: m_BackGroundColor.g
      value: .220588207
      objectReference: {fileID: 0}
    - target: {fileID: 2005738, guid: a88a8b7b54f924842ba71b0664d20765, type: 2}
      propertyPath: m_BackGroundColor.b
      value: .220588207
      objectReference: {fileID: 0}
    m_RemovedComponents: []
  m_ParentPrefab: {fileID: 100100000, guid: a88a8b7b54f924842ba71b0664d20765, type: 2}
  m_RootGameObject: {fileID: 367046318}
  m_IsPrefabParent: 0
--- !u!1 &335293094
GameObject:
  m_ObjectHideFlags: 0
  m_PrefabParentObject: {fileID: 122036, guid: c916b1f1be453f848a2a11b587e4a87b, type: 2}
  m_PrefabInternal: {fileID: 2091468523}
  serializedVersion: 4
  m_Component:
  - 4: {fileID: 335293095}
  - 33: {fileID: 335293097}
  - 23: {fileID: 335293096}
  m_Layer: 0
  m_Name: Wardrobe_body
  m_TagString: Untagged
  m_Icon: {fileID: 0}
  m_NavMeshLayer: 0
  m_StaticEditorFlags: 4294967295
  m_IsActive: 1
--- !u!4 &335293095
Transform:
  m_ObjectHideFlags: 0
  m_PrefabParentObject: {fileID: 474320, guid: c916b1f1be453f848a2a11b587e4a87b, type: 2}
  m_PrefabInternal: {fileID: 2091468523}
  m_GameObject: {fileID: 335293094}
  m_LocalRotation: {x: 0.000000021855694, y: 0, z: 0, w: 1}
  m_LocalPosition: {x: 0, y: 0, z: 0}
  m_LocalScale: {x: 1, y: 1, z: 1}
  m_Children: []
  m_Father: {fileID: 2091468524}
  m_RootOrder: 0
--- !u!23 &335293096
MeshRenderer:
  m_ObjectHideFlags: 0
  m_PrefabParentObject: {fileID: 2364128, guid: c916b1f1be453f848a2a11b587e4a87b,
    type: 2}
  m_PrefabInternal: {fileID: 2091468523}
  m_GameObject: {fileID: 335293094}
  m_Enabled: 1
  m_CastShadows: 1
  m_ReceiveShadows: 1
  m_Materials:
  - {fileID: 2100000, guid: 300e499f28e36834fba15eca555e0d30, type: 2}
  m_SubsetIndices: 
  m_StaticBatchRoot: {fileID: 0}
  m_UseLightProbes: 1
  m_ReflectionProbeUsage: 1
  m_ProbeAnchor: {fileID: 0}
  m_ScaleInLightmap: 1
  m_PreserveUVs: 0
  m_IgnoreNormalsForChartDetection: 0
  m_ImportantGI: 0
  m_MinimumChartSize: 4
  m_AutoUVMaxDistance: 0.5
  m_AutoUVMaxAngle: 89
  m_LightmapParameters: {fileID: 0}
  m_SortingLayerID: 0
  m_SortingOrder: 0
--- !u!33 &335293097
MeshFilter:
  m_ObjectHideFlags: 0
  m_PrefabParentObject: {fileID: 3343280, guid: c916b1f1be453f848a2a11b587e4a87b,
    type: 2}
  m_PrefabInternal: {fileID: 2091468523}
  m_GameObject: {fileID: 335293094}
  m_Mesh: {fileID: 4300000, guid: b3479b1b8a638db4bba7239e7dbf4e76, type: 3}
--- !u!1 &338635503
GameObject:
  m_ObjectHideFlags: 0
  m_PrefabParentObject: {fileID: 145318, guid: c916b1f1be453f848a2a11b587e4a87b, type: 2}
  m_PrefabInternal: {fileID: 2091468523}
  serializedVersion: 4
  m_Component:
  - 4: {fileID: 338635504}
  - 33: {fileID: 338635506}
  - 23: {fileID: 338635505}
  m_Layer: 0
  m_Name: Wardrobe_door_left
  m_TagString: Untagged
  m_Icon: {fileID: 0}
  m_NavMeshLayer: 0
  m_StaticEditorFlags: 4294967295
  m_IsActive: 1
--- !u!4 &338635504
Transform:
  m_ObjectHideFlags: 0
  m_PrefabParentObject: {fileID: 432970, guid: c916b1f1be453f848a2a11b587e4a87b, type: 2}
  m_PrefabInternal: {fileID: 2091468523}
  m_GameObject: {fileID: 338635503}
  m_LocalRotation: {x: 0.000000021855694, y: 0, z: 0, w: 1}
  m_LocalPosition: {x: -0.43942007, y: 1.27635, z: 0.3175}
  m_LocalScale: {x: 1, y: 1, z: 1}
  m_Children: []
  m_Father: {fileID: 2091468524}
  m_RootOrder: 3
--- !u!23 &338635505
MeshRenderer:
  m_ObjectHideFlags: 0
  m_PrefabParentObject: {fileID: 2352798, guid: c916b1f1be453f848a2a11b587e4a87b,
    type: 2}
  m_PrefabInternal: {fileID: 2091468523}
  m_GameObject: {fileID: 338635503}
  m_Enabled: 1
  m_CastShadows: 1
  m_ReceiveShadows: 1
  m_Materials:
  - {fileID: 2100000, guid: 300e499f28e36834fba15eca555e0d30, type: 2}
  m_SubsetIndices: 
  m_StaticBatchRoot: {fileID: 0}
  m_UseLightProbes: 1
  m_ReflectionProbeUsage: 1
  m_ProbeAnchor: {fileID: 0}
  m_ScaleInLightmap: 1
  m_PreserveUVs: 0
  m_IgnoreNormalsForChartDetection: 0
  m_ImportantGI: 0
  m_MinimumChartSize: 4
  m_AutoUVMaxDistance: 0.5
  m_AutoUVMaxAngle: 89
  m_LightmapParameters: {fileID: 0}
  m_SortingLayerID: 0
  m_SortingOrder: 0
--- !u!33 &338635506
MeshFilter:
  m_ObjectHideFlags: 0
  m_PrefabParentObject: {fileID: 3392492, guid: c916b1f1be453f848a2a11b587e4a87b,
    type: 2}
  m_PrefabInternal: {fileID: 2091468523}
  m_GameObject: {fileID: 338635503}
  m_Mesh: {fileID: 4300006, guid: b3479b1b8a638db4bba7239e7dbf4e76, type: 3}
--- !u!1 &367046318
GameObject:
  m_ObjectHideFlags: 0
  m_PrefabParentObject: {fileID: 102104, guid: a88a8b7b54f924842ba71b0664d20765, type: 2}
  m_PrefabInternal: {fileID: 301591727}
  serializedVersion: 4
  m_Component:
  - 4: {fileID: 367046324}
  - 20: {fileID: 367046323}
  - 92: {fileID: 367046322}
  - 124: {fileID: 367046321}
  - 81: {fileID: 367046320}
  - 95: {fileID: 367046319}
  m_Layer: 0
  m_Name: Main Camera
  m_TagString: MainCamera
  m_Icon: {fileID: 0}
  m_NavMeshLayer: 0
  m_StaticEditorFlags: 0
  m_IsActive: 1
--- !u!95 &367046319
Animator:
  serializedVersion: 3
  m_ObjectHideFlags: 0
  m_PrefabParentObject: {fileID: 0}
  m_PrefabInternal: {fileID: 0}
  m_GameObject: {fileID: 367046318}
  m_Enabled: 1
  m_Avatar: {fileID: 0}
  m_Controller: {fileID: 9100000, guid: 00dcc2c4115d83f428fa133eaff01de5, type: 2}
  m_CullingMode: 0
  m_UpdateMode: 0
  m_ApplyRootMotion: 0
  m_LinearVelocityBlending: 0
  m_WarningMessage: 
  m_HasTransformHierarchy: 1
  m_AllowConstantClipSamplingOptimization: 1
--- !u!81 &367046320
AudioListener:
  m_ObjectHideFlags: 0
  m_PrefabParentObject: {fileID: 8120224, guid: a88a8b7b54f924842ba71b0664d20765,
    type: 2}
  m_PrefabInternal: {fileID: 301591727}
  m_GameObject: {fileID: 367046318}
  m_Enabled: 1
--- !u!124 &367046321
Behaviour:
  m_ObjectHideFlags: 0
  m_PrefabParentObject: {fileID: 12468210, guid: a88a8b7b54f924842ba71b0664d20765,
    type: 2}
  m_PrefabInternal: {fileID: 301591727}
  m_GameObject: {fileID: 367046318}
  m_Enabled: 1
--- !u!92 &367046322
Behaviour:
  m_ObjectHideFlags: 0
  m_PrefabParentObject: {fileID: 9281722, guid: a88a8b7b54f924842ba71b0664d20765,
    type: 2}
  m_PrefabInternal: {fileID: 301591727}
  m_GameObject: {fileID: 367046318}
  m_Enabled: 1
--- !u!20 &367046323
Camera:
  m_ObjectHideFlags: 0
  m_PrefabParentObject: {fileID: 2005738, guid: a88a8b7b54f924842ba71b0664d20765,
    type: 2}
  m_PrefabInternal: {fileID: 301591727}
  m_GameObject: {fileID: 367046318}
  m_Enabled: 1
  serializedVersion: 2
  m_ClearFlags: 2
  m_BackGroundColor: {r: 0.2205882, g: 0.2205882, b: 0.2205882, a: 0.019607844}
  m_NormalizedViewPortRect:
    serializedVersion: 2
    x: 0
    y: 0
    width: 1
    height: 1
  near clip plane: 0.3
  far clip plane: 1000
  field of view: 40
  orthographic: 0
  orthographic size: 5
  m_Depth: -1
  m_CullingMask:
    serializedVersion: 2
    m_Bits: 4294967295
  m_RenderingPath: -1
  m_TargetTexture: {fileID: 0}
  m_TargetDisplay: 0
  m_TargetEye: 3
  m_HDR: 1
  m_OcclusionCulling: 1
  m_StereoConvergence: 10
  m_StereoSeparation: 0.022
  m_StereoMirrorMode: 0
--- !u!4 &367046324
Transform:
  m_ObjectHideFlags: 0
  m_PrefabParentObject: {fileID: 445474, guid: a88a8b7b54f924842ba71b0664d20765, type: 2}
  m_PrefabInternal: {fileID: 301591727}
  m_GameObject: {fileID: 367046318}
  m_LocalRotation: {x: 0.04994978, y: -0.91597503, z: 0.12059043, w: 0.3794112}
  m_LocalPosition: {x: -1, y: 2, z: -1}
  m_LocalScale: {x: 1, y: 1, z: 1}
  m_Children: []
  m_Father: {fileID: 0}
  m_RootOrder: 0
--- !u!1001 &396304560
Prefab:
  m_ObjectHideFlags: 0
  serializedVersion: 2
  m_Modification:
    m_TransformParent: {fileID: 1808909775}
    m_Modifications:
    - target: {fileID: 404152, guid: 165fd7592c6d8d9439ed3b1102bc939f, type: 2}
      propertyPath: m_LocalPosition.x
      value: -0.988
      objectReference: {fileID: 0}
    - target: {fileID: 404152, guid: 165fd7592c6d8d9439ed3b1102bc939f, type: 2}
      propertyPath: m_LocalPosition.y
      value: 0
      objectReference: {fileID: 0}
    - target: {fileID: 404152, guid: 165fd7592c6d8d9439ed3b1102bc939f, type: 2}
      propertyPath: m_LocalPosition.z
      value: -3.8
      objectReference: {fileID: 0}
    - target: {fileID: 404152, guid: 165fd7592c6d8d9439ed3b1102bc939f, type: 2}
      propertyPath: m_LocalRotation.x
      value: 0
      objectReference: {fileID: 0}
    - target: {fileID: 404152, guid: 165fd7592c6d8d9439ed3b1102bc939f, type: 2}
      propertyPath: m_LocalRotation.y
      value: 0.707106
      objectReference: {fileID: 0}
    - target: {fileID: 404152, guid: 165fd7592c6d8d9439ed3b1102bc939f, type: 2}
      propertyPath: m_LocalRotation.z
      value: 0
      objectReference: {fileID: 0}
    - target: {fileID: 404152, guid: 165fd7592c6d8d9439ed3b1102bc939f, type: 2}
      propertyPath: m_LocalRotation.w
      value: 0.7071076
      objectReference: {fileID: 0}
    - target: {fileID: 404152, guid: 165fd7592c6d8d9439ed3b1102bc939f, type: 2}
      propertyPath: m_RootOrder
      value: 6
      objectReference: {fileID: 0}
    - target: {fileID: 167334, guid: 165fd7592c6d8d9439ed3b1102bc939f, type: 2}
      propertyPath: m_StaticEditorFlags
      value: 4294967295
      objectReference: {fileID: 0}
    - target: {fileID: 168950, guid: 165fd7592c6d8d9439ed3b1102bc939f, type: 2}
      propertyPath: m_StaticEditorFlags
      value: 4294967295
      objectReference: {fileID: 0}
    - target: {fileID: 142054, guid: 165fd7592c6d8d9439ed3b1102bc939f, type: 2}
      propertyPath: m_StaticEditorFlags
      value: 4294967295
      objectReference: {fileID: 0}
    - target: {fileID: 134664, guid: 165fd7592c6d8d9439ed3b1102bc939f, type: 2}
      propertyPath: m_StaticEditorFlags
      value: 4294967295
      objectReference: {fileID: 0}
    - target: {fileID: 130490, guid: 165fd7592c6d8d9439ed3b1102bc939f, type: 2}
      propertyPath: m_StaticEditorFlags
      value: 4294967295
      objectReference: {fileID: 0}
    - target: {fileID: 145678, guid: 165fd7592c6d8d9439ed3b1102bc939f, type: 2}
      propertyPath: m_StaticEditorFlags
      value: 4294967295
      objectReference: {fileID: 0}
    m_RemovedComponents: []
  m_ParentPrefab: {fileID: 100100000, guid: 165fd7592c6d8d9439ed3b1102bc939f, type: 2}
  m_RootGameObject: {fileID: 1809550744}
  m_IsPrefabParent: 0
--- !u!4 &396304561
Transform:
  m_ObjectHideFlags: 0
  m_PrefabParentObject: {fileID: 404152, guid: 165fd7592c6d8d9439ed3b1102bc939f, type: 2}
  m_PrefabInternal: {fileID: 396304560}
  m_GameObject: {fileID: 1809550744}
  m_LocalRotation: {x: 0, y: 0.707106, z: 0, w: 0.7071076}
  m_LocalPosition: {x: -0.988, y: 0, z: -3.8}
  m_LocalScale: {x: 1, y: 1, z: 1}
  m_Children:
  - {fileID: 1667017530}
  - {fileID: 82655364}
  - {fileID: 2122134592}
  - {fileID: 778362224}
  - {fileID: 762922483}
  m_Father: {fileID: 1808909775}
  m_RootOrder: 6
--- !u!1 &400024145
GameObject:
  m_ObjectHideFlags: 0
  m_PrefabParentObject: {fileID: 197738, guid: 9a6c540ad24af05428bc2fefbf84bfef, type: 2}
  m_PrefabInternal: {fileID: 664361225}
  serializedVersion: 4
  m_Component:
  - 4: {fileID: 400024146}
  - 33: {fileID: 400024148}
  - 23: {fileID: 400024147}
  m_Layer: 0
  m_Name: Bed_headboard_front
  m_TagString: Untagged
  m_Icon: {fileID: 0}
  m_NavMeshLayer: 0
  m_StaticEditorFlags: 4294967295
  m_IsActive: 1
--- !u!4 &400024146
Transform:
  m_ObjectHideFlags: 0
  m_PrefabParentObject: {fileID: 405084, guid: 9a6c540ad24af05428bc2fefbf84bfef, type: 2}
  m_PrefabInternal: {fileID: 664361225}
  m_GameObject: {fileID: 400024145}
  m_LocalRotation: {x: 0.00000008146034, y: 0, z: 0, w: 1}
  m_LocalPosition: {x: -0.00000005589595, y: -0.00000009689331, z: -1.2787502}
  m_LocalScale: {x: 1, y: 1, z: 1}
  m_Children: []
  m_Father: {fileID: 664361226}
  m_RootOrder: 3
--- !u!23 &400024147
MeshRenderer:
  m_ObjectHideFlags: 0
  m_PrefabParentObject: {fileID: 2377722, guid: 9a6c540ad24af05428bc2fefbf84bfef,
    type: 2}
  m_PrefabInternal: {fileID: 664361225}
  m_GameObject: {fileID: 400024145}
  m_Enabled: 1
  m_CastShadows: 1
  m_ReceiveShadows: 1
  m_Materials:
  - {fileID: 2100000, guid: 2eb9667469d9fe14b95d46866b0694a4, type: 2}
  m_SubsetIndices: 
  m_StaticBatchRoot: {fileID: 0}
  m_UseLightProbes: 1
  m_ReflectionProbeUsage: 1
  m_ProbeAnchor: {fileID: 0}
  m_ScaleInLightmap: 1
  m_PreserveUVs: 0
  m_IgnoreNormalsForChartDetection: 0
  m_ImportantGI: 0
  m_MinimumChartSize: 4
  m_AutoUVMaxDistance: 0.5
  m_AutoUVMaxAngle: 89
  m_LightmapParameters: {fileID: 0}
  m_SortingLayerID: 0
  m_SortingOrder: 0
--- !u!33 &400024148
MeshFilter:
  m_ObjectHideFlags: 0
  m_PrefabParentObject: {fileID: 3338374, guid: 9a6c540ad24af05428bc2fefbf84bfef,
    type: 2}
  m_PrefabInternal: {fileID: 664361225}
  m_GameObject: {fileID: 400024145}
  m_Mesh: {fileID: 4300014, guid: bd0baab8db97d344698c4702238a1fef, type: 3}
--- !u!1 &457378737
GameObject:
  m_ObjectHideFlags: 0
  m_PrefabParentObject: {fileID: 170062, guid: f64f7fe510a08a14180ef61b151b5cf6, type: 2}
  m_PrefabInternal: {fileID: 1830595120}
  serializedVersion: 4
  m_Component:
  - 4: {fileID: 457378738}
  - 33: {fileID: 457378740}
  - 23: {fileID: 457378739}
  m_Layer: 0
  m_Name: OfficeChair_seat
  m_TagString: Untagged
  m_Icon: {fileID: 0}
  m_NavMeshLayer: 0
  m_StaticEditorFlags: 4294967295
  m_IsActive: 1
--- !u!4 &457378738
Transform:
  m_ObjectHideFlags: 0
  m_PrefabParentObject: {fileID: 461206, guid: f64f7fe510a08a14180ef61b151b5cf6, type: 2}
  m_PrefabInternal: {fileID: 1830595120}
  m_GameObject: {fileID: 457378737}
  m_LocalRotation: {x: 0.000000021855694, y: 0, z: 0, w: 1}
  m_LocalPosition: {x: 0, y: 0.508, z: 0.0000000057790444}
  m_LocalScale: {x: 1, y: 1, z: 1}
  m_Children: []
  m_Father: {fileID: 1830595121}
  m_RootOrder: 1
--- !u!23 &457378739
MeshRenderer:
  m_ObjectHideFlags: 0
  m_PrefabParentObject: {fileID: 2334424, guid: f64f7fe510a08a14180ef61b151b5cf6,
    type: 2}
  m_PrefabInternal: {fileID: 1830595120}
  m_GameObject: {fileID: 457378737}
  m_Enabled: 1
  m_CastShadows: 1
  m_ReceiveShadows: 1
  m_Materials:
  - {fileID: 2100000, guid: 2e8c73f3072b0f64aad9563ad3be8817, type: 2}
  m_SubsetIndices: 
  m_StaticBatchRoot: {fileID: 0}
  m_UseLightProbes: 1
  m_ReflectionProbeUsage: 1
  m_ProbeAnchor: {fileID: 0}
  m_ScaleInLightmap: 1
  m_PreserveUVs: 0
  m_IgnoreNormalsForChartDetection: 0
  m_ImportantGI: 0
  m_MinimumChartSize: 4
  m_AutoUVMaxDistance: 0.5
  m_AutoUVMaxAngle: 89
  m_LightmapParameters: {fileID: 0}
  m_SortingLayerID: 0
  m_SortingOrder: 0
--- !u!33 &457378740
MeshFilter:
  m_ObjectHideFlags: 0
  m_PrefabParentObject: {fileID: 3328906, guid: f64f7fe510a08a14180ef61b151b5cf6,
    type: 2}
  m_PrefabInternal: {fileID: 1830595120}
  m_GameObject: {fileID: 457378737}
  m_Mesh: {fileID: 4300004, guid: 3d15a564797e7aa4eb0adae903b18a1b, type: 3}
--- !u!1 &550963838
GameObject:
  m_ObjectHideFlags: 0
  m_PrefabParentObject: {fileID: 135902, guid: 9a6c540ad24af05428bc2fefbf84bfef, type: 2}
  m_PrefabInternal: {fileID: 664361225}
  serializedVersion: 4
  m_Component:
  - 4: {fileID: 550963839}
  - 33: {fileID: 550963841}
  - 23: {fileID: 550963840}
  m_Layer: 0
  m_Name: Bed_headboard_back
  m_TagString: Untagged
  m_Icon: {fileID: 0}
  m_NavMeshLayer: 0
  m_StaticEditorFlags: 4294967295
  m_IsActive: 1
--- !u!4 &550963839
Transform:
  m_ObjectHideFlags: 0
  m_PrefabParentObject: {fileID: 482128, guid: 9a6c540ad24af05428bc2fefbf84bfef, type: 2}
  m_PrefabInternal: {fileID: 664361225}
  m_GameObject: {fileID: 550963838}
  m_LocalRotation: {x: 0.00000008146034, y: 0, z: 0, w: 1}
  m_LocalPosition: {x: 0.0000000570445, y: -0.00000009689331, z: 1.2653993}
  m_LocalScale: {x: 1, y: 1, z: 1}
  m_Children: []
  m_Father: {fileID: 664361226}
  m_RootOrder: 2
--- !u!23 &550963840
MeshRenderer:
  m_ObjectHideFlags: 0
  m_PrefabParentObject: {fileID: 2320072, guid: 9a6c540ad24af05428bc2fefbf84bfef,
    type: 2}
  m_PrefabInternal: {fileID: 664361225}
  m_GameObject: {fileID: 550963838}
  m_Enabled: 1
  m_CastShadows: 1
  m_ReceiveShadows: 1
  m_Materials:
  - {fileID: 2100000, guid: 2eb9667469d9fe14b95d46866b0694a4, type: 2}
  m_SubsetIndices: 
  m_StaticBatchRoot: {fileID: 0}
  m_UseLightProbes: 1
  m_ReflectionProbeUsage: 1
  m_ProbeAnchor: {fileID: 0}
  m_ScaleInLightmap: 1
  m_PreserveUVs: 0
  m_IgnoreNormalsForChartDetection: 0
  m_ImportantGI: 0
  m_MinimumChartSize: 4
  m_AutoUVMaxDistance: 0.5
  m_AutoUVMaxAngle: 89
  m_LightmapParameters: {fileID: 0}
  m_SortingLayerID: 0
  m_SortingOrder: 0
--- !u!33 &550963841
MeshFilter:
  m_ObjectHideFlags: 0
  m_PrefabParentObject: {fileID: 3328466, guid: 9a6c540ad24af05428bc2fefbf84bfef,
    type: 2}
  m_PrefabInternal: {fileID: 664361225}
  m_GameObject: {fileID: 550963838}
  m_Mesh: {fileID: 4300016, guid: bd0baab8db97d344698c4702238a1fef, type: 3}
--- !u!1001 &664361225
Prefab:
  m_ObjectHideFlags: 0
  serializedVersion: 2
  m_Modification:
    m_TransformParent: {fileID: 1808909775}
    m_Modifications:
    - target: {fileID: 451740, guid: 9a6c540ad24af05428bc2fefbf84bfef, type: 2}
      propertyPath: m_LocalPosition.x
      value: -3.648
      objectReference: {fileID: 0}
    - target: {fileID: 451740, guid: 9a6c540ad24af05428bc2fefbf84bfef, type: 2}
      propertyPath: m_LocalPosition.y
      value: 0
      objectReference: {fileID: 0}
    - target: {fileID: 451740, guid: 9a6c540ad24af05428bc2fefbf84bfef, type: 2}
      propertyPath: m_LocalPosition.z
      value: -4.326
      objectReference: {fileID: 0}
    - target: {fileID: 451740, guid: 9a6c540ad24af05428bc2fefbf84bfef, type: 2}
      propertyPath: m_LocalRotation.x
      value: 0
      objectReference: {fileID: 0}
    - target: {fileID: 451740, guid: 9a6c540ad24af05428bc2fefbf84bfef, type: 2}
      propertyPath: m_LocalRotation.y
      value: 0.6921934
      objectReference: {fileID: 0}
    - target: {fileID: 451740, guid: 9a6c540ad24af05428bc2fefbf84bfef, type: 2}
      propertyPath: m_LocalRotation.z
      value: 0
      objectReference: {fileID: 0}
    - target: {fileID: 451740, guid: 9a6c540ad24af05428bc2fefbf84bfef, type: 2}
      propertyPath: m_LocalRotation.w
      value: 0.7217121
      objectReference: {fileID: 0}
    - target: {fileID: 451740, guid: 9a6c540ad24af05428bc2fefbf84bfef, type: 2}
      propertyPath: m_RootOrder
      value: 5
      objectReference: {fileID: 0}
    - target: {fileID: 126938, guid: 9a6c540ad24af05428bc2fefbf84bfef, type: 2}
      propertyPath: m_StaticEditorFlags
      value: 4294967295
      objectReference: {fileID: 0}
    - target: {fileID: 191924, guid: 9a6c540ad24af05428bc2fefbf84bfef, type: 2}
      propertyPath: m_StaticEditorFlags
      value: 4294967295
      objectReference: {fileID: 0}
    - target: {fileID: 197738, guid: 9a6c540ad24af05428bc2fefbf84bfef, type: 2}
      propertyPath: m_StaticEditorFlags
      value: 4294967295
      objectReference: {fileID: 0}
    - target: {fileID: 135902, guid: 9a6c540ad24af05428bc2fefbf84bfef, type: 2}
      propertyPath: m_StaticEditorFlags
      value: 4294967295
      objectReference: {fileID: 0}
    - target: {fileID: 122732, guid: 9a6c540ad24af05428bc2fefbf84bfef, type: 2}
      propertyPath: m_StaticEditorFlags
      value: 4294967295
      objectReference: {fileID: 0}
    - target: {fileID: 167248, guid: 9a6c540ad24af05428bc2fefbf84bfef, type: 2}
      propertyPath: m_StaticEditorFlags
      value: 4294967295
      objectReference: {fileID: 0}
    - target: {fileID: 150224, guid: 9a6c540ad24af05428bc2fefbf84bfef, type: 2}
      propertyPath: m_StaticEditorFlags
      value: 4294967295
      objectReference: {fileID: 0}
    m_RemovedComponents: []
  m_ParentPrefab: {fileID: 100100000, guid: 9a6c540ad24af05428bc2fefbf84bfef, type: 2}
  m_RootGameObject: {fileID: 1166171210}
  m_IsPrefabParent: 0
--- !u!4 &664361226
Transform:
  m_ObjectHideFlags: 0
  m_PrefabParentObject: {fileID: 451740, guid: 9a6c540ad24af05428bc2fefbf84bfef, type: 2}
  m_PrefabInternal: {fileID: 664361225}
  m_GameObject: {fileID: 1166171210}
  m_LocalRotation: {x: 0, y: 0.6921934, z: 0, w: 0.7217121}
  m_LocalPosition: {x: -3.648, y: 0, z: -4.326}
  m_LocalScale: {x: 1, y: 1, z: 1}
  m_Children:
  - {fileID: 1836052189}
  - {fileID: 1488916069}
  - {fileID: 550963839}
  - {fileID: 400024146}
  - {fileID: 290752034}
  - {fileID: 2089848849}
  m_Father: {fileID: 1808909775}
  m_RootOrder: 5
--- !u!1 &762922482
GameObject:
  m_ObjectHideFlags: 0
  m_PrefabParentObject: {fileID: 167334, guid: 165fd7592c6d8d9439ed3b1102bc939f, type: 2}
  m_PrefabInternal: {fileID: 396304560}
  serializedVersion: 4
  m_Component:
  - 4: {fileID: 762922483}
  - 33: {fileID: 762922485}
  - 23: {fileID: 762922484}
  m_Layer: 0
  m_Name: OfficeTable_box_top
  m_TagString: Untagged
  m_Icon: {fileID: 0}
  m_NavMeshLayer: 0
  m_StaticEditorFlags: 4294967295
  m_IsActive: 1
--- !u!4 &762922483
Transform:
  m_ObjectHideFlags: 0
  m_PrefabParentObject: {fileID: 453610, guid: 165fd7592c6d8d9439ed3b1102bc939f, type: 2}
  m_PrefabInternal: {fileID: 396304560}
  m_GameObject: {fileID: 762922482}
  m_LocalRotation: {x: 0.000000021855694, y: 0, z: 0, w: 1}
  m_LocalPosition: {x: 0.6111875, y: 0.57277, z: -0.34925}
  m_LocalScale: {x: 1, y: 1, z: 1}
  m_Children: []
  m_Father: {fileID: 396304561}
  m_RootOrder: 4
--- !u!23 &762922484
MeshRenderer:
  m_ObjectHideFlags: 0
  m_PrefabParentObject: {fileID: 2364416, guid: 165fd7592c6d8d9439ed3b1102bc939f,
    type: 2}
  m_PrefabInternal: {fileID: 396304560}
  m_GameObject: {fileID: 762922482}
  m_Enabled: 1
  m_CastShadows: 1
  m_ReceiveShadows: 1
  m_Materials:
  - {fileID: 2100000, guid: 82e24537e90c0884ca29a92eb19e672e, type: 2}
  m_SubsetIndices: 
  m_StaticBatchRoot: {fileID: 0}
  m_UseLightProbes: 1
  m_ReflectionProbeUsage: 1
  m_ProbeAnchor: {fileID: 0}
  m_ScaleInLightmap: 1
  m_PreserveUVs: 0
  m_IgnoreNormalsForChartDetection: 0
  m_ImportantGI: 0
  m_MinimumChartSize: 4
  m_AutoUVMaxDistance: 0.5
  m_AutoUVMaxAngle: 89
  m_LightmapParameters: {fileID: 0}
  m_SortingLayerID: 0
  m_SortingOrder: 0
--- !u!33 &762922485
MeshFilter:
  m_ObjectHideFlags: 0
  m_PrefabParentObject: {fileID: 3354404, guid: 165fd7592c6d8d9439ed3b1102bc939f,
    type: 2}
  m_PrefabInternal: {fileID: 396304560}
  m_GameObject: {fileID: 762922482}
  m_Mesh: {fileID: 4300008, guid: 701d15f6915bc1843885e1c8a42762cf, type: 3}
--- !u!1 &778362223
GameObject:
  m_ObjectHideFlags: 0
  m_PrefabParentObject: {fileID: 168950, guid: 165fd7592c6d8d9439ed3b1102bc939f, type: 2}
  m_PrefabInternal: {fileID: 396304560}
  serializedVersion: 4
  m_Component:
  - 4: {fileID: 778362224}
  - 33: {fileID: 778362226}
  - 23: {fileID: 778362225}
  m_Layer: 0
  m_Name: OfficeTable_box_bottom
  m_TagString: Untagged
  m_Icon: {fileID: 0}
  m_NavMeshLayer: 0
  m_StaticEditorFlags: 4294967295
  m_IsActive: 1
--- !u!4 &778362224
Transform:
  m_ObjectHideFlags: 0
  m_PrefabParentObject: {fileID: 439794, guid: 165fd7592c6d8d9439ed3b1102bc939f, type: 2}
  m_PrefabInternal: {fileID: 396304560}
  m_GameObject: {fileID: 778362223}
  m_LocalRotation: {x: 0.000000021855694, y: 0, z: 0, w: 1}
  m_LocalPosition: {x: 0.6111875, y: 0.22631401, z: -0.34925}
  m_LocalScale: {x: 1, y: 1, z: 1}
  m_Children: []
  m_Father: {fileID: 396304561}
  m_RootOrder: 3
--- !u!23 &778362225
MeshRenderer:
  m_ObjectHideFlags: 0
  m_PrefabParentObject: {fileID: 2327274, guid: 165fd7592c6d8d9439ed3b1102bc939f,
    type: 2}
  m_PrefabInternal: {fileID: 396304560}
  m_GameObject: {fileID: 778362223}
  m_Enabled: 1
  m_CastShadows: 1
  m_ReceiveShadows: 1
  m_Materials:
  - {fileID: 2100000, guid: 82e24537e90c0884ca29a92eb19e672e, type: 2}
  m_SubsetIndices: 
  m_StaticBatchRoot: {fileID: 0}
  m_UseLightProbes: 1
  m_ReflectionProbeUsage: 1
  m_ProbeAnchor: {fileID: 0}
  m_ScaleInLightmap: 1
  m_PreserveUVs: 0
  m_IgnoreNormalsForChartDetection: 0
  m_ImportantGI: 0
  m_MinimumChartSize: 4
  m_AutoUVMaxDistance: 0.5
  m_AutoUVMaxAngle: 89
  m_LightmapParameters: {fileID: 0}
  m_SortingLayerID: 0
  m_SortingOrder: 0
--- !u!33 &778362226
MeshFilter:
  m_ObjectHideFlags: 0
  m_PrefabParentObject: {fileID: 3382788, guid: 165fd7592c6d8d9439ed3b1102bc939f,
    type: 2}
  m_PrefabInternal: {fileID: 396304560}
  m_GameObject: {fileID: 778362223}
  m_Mesh: {fileID: 4300006, guid: 701d15f6915bc1843885e1c8a42762cf, type: 3}
--- !u!1 &953072194
GameObject:
  m_ObjectHideFlags: 0
  m_PrefabParentObject: {fileID: 111540, guid: c916b1f1be453f848a2a11b587e4a87b, type: 2}
  m_PrefabInternal: {fileID: 2091468523}
  serializedVersion: 4
  m_Component:
  - 4: {fileID: 953072195}
  - 33: {fileID: 953072197}
  - 23: {fileID: 953072196}
  m_Layer: 0
  m_Name: Wardrobe_door_right
  m_TagString: Untagged
  m_Icon: {fileID: 0}
  m_NavMeshLayer: 0
  m_StaticEditorFlags: 4294967295
  m_IsActive: 1
--- !u!4 &953072195
Transform:
  m_ObjectHideFlags: 0
  m_PrefabParentObject: {fileID: 459054, guid: c916b1f1be453f848a2a11b587e4a87b, type: 2}
  m_PrefabInternal: {fileID: 2091468523}
  m_GameObject: {fileID: 953072194}
  m_LocalRotation: {x: 0.000000021668003, y: 0.13077644, z: -0.0000000028582103, w: 0.9914119}
  m_LocalPosition: {x: 0.43942007, y: 1.27635, z: 0.3175}
  m_LocalScale: {x: 1, y: 1, z: 1}
  m_Children: []
  m_Father: {fileID: 2091468524}
  m_RootOrder: 4
--- !u!23 &953072196
MeshRenderer:
  m_ObjectHideFlags: 0
  m_PrefabParentObject: {fileID: 2337302, guid: c916b1f1be453f848a2a11b587e4a87b,
    type: 2}
  m_PrefabInternal: {fileID: 2091468523}
  m_GameObject: {fileID: 953072194}
  m_Enabled: 1
  m_CastShadows: 1
  m_ReceiveShadows: 1
  m_Materials:
  - {fileID: 2100000, guid: 300e499f28e36834fba15eca555e0d30, type: 2}
  m_SubsetIndices: 
  m_StaticBatchRoot: {fileID: 0}
  m_UseLightProbes: 1
  m_ReflectionProbeUsage: 1
  m_ProbeAnchor: {fileID: 0}
  m_ScaleInLightmap: 1
  m_PreserveUVs: 0
  m_IgnoreNormalsForChartDetection: 0
  m_ImportantGI: 0
  m_MinimumChartSize: 4
  m_AutoUVMaxDistance: 0.5
  m_AutoUVMaxAngle: 89
  m_LightmapParameters: {fileID: 0}
  m_SortingLayerID: 0
  m_SortingOrder: 0
--- !u!33 &953072197
MeshFilter:
  m_ObjectHideFlags: 0
  m_PrefabParentObject: {fileID: 3358122, guid: c916b1f1be453f848a2a11b587e4a87b,
    type: 2}
  m_PrefabInternal: {fileID: 2091468523}
  m_GameObject: {fileID: 953072194}
  m_Mesh: {fileID: 4300008, guid: b3479b1b8a638db4bba7239e7dbf4e76, type: 3}
--- !u!1 &1166171210
GameObject:
  m_ObjectHideFlags: 0
  m_PrefabParentObject: {fileID: 150224, guid: 9a6c540ad24af05428bc2fefbf84bfef, type: 2}
  m_PrefabInternal: {fileID: 664361225}
  serializedVersion: 4
  m_Component:
  - 4: {fileID: 664361226}
  m_Layer: 0
  m_Name: Bed
  m_TagString: Untagged
  m_Icon: {fileID: 0}
  m_NavMeshLayer: 0
  m_StaticEditorFlags: 4294967295
  m_IsActive: 1
--- !u!1 &1350484707
GameObject:
  m_ObjectHideFlags: 0
  m_PrefabParentObject: {fileID: 0}
  m_PrefabInternal: {fileID: 0}
  serializedVersion: 4
  m_Component:
  - 4: {fileID: 1350484708}
  m_Layer: 0
  m_Name: Bedroom
  m_TagString: Untagged
  m_Icon: {fileID: 0}
  m_NavMeshLayer: 0
  m_StaticEditorFlags: 0
  m_IsActive: 1
--- !u!4 &1350484708
Transform:
  m_ObjectHideFlags: 0
  m_PrefabParentObject: {fileID: 0}
  m_PrefabInternal: {fileID: 0}
  m_GameObject: {fileID: 1350484707}
  m_LocalRotation: {x: 0, y: 0, z: 0, w: 1}
  m_LocalPosition: {x: 0, y: 0, z: 0}
  m_LocalScale: {x: 1, y: 1, z: 1}
  m_Children:
  - {fileID: 1808909775}
  - {fileID: 39448040}
  m_Father: {fileID: 0}
  m_RootOrder: 1
--- !u!1 &1394634041
GameObject:
  m_ObjectHideFlags: 0
  m_PrefabParentObject: {fileID: 117844, guid: f64f7fe510a08a14180ef61b151b5cf6, type: 2}
  m_PrefabInternal: {fileID: 1830595120}
  serializedVersion: 4
  m_Component:
  - 4: {fileID: 1394634042}
  - 33: {fileID: 1394634044}
  - 23: {fileID: 1394634043}
  m_Layer: 0
  m_Name: OfficeChair_legs
  m_TagString: Untagged
  m_Icon: {fileID: 0}
  m_NavMeshLayer: 0
  m_StaticEditorFlags: 4294967295
  m_IsActive: 1
--- !u!4 &1394634042
Transform:
  m_ObjectHideFlags: 0
  m_PrefabParentObject: {fileID: 453360, guid: f64f7fe510a08a14180ef61b151b5cf6, type: 2}
  m_PrefabInternal: {fileID: 1830595120}
  m_GameObject: {fileID: 1394634041}
  m_LocalRotation: {x: 0.000000021855694, y: 0, z: 0, w: 1}
  m_LocalPosition: {x: 0, y: 0, z: -0.000000016037387}
  m_LocalScale: {x: 1, y: 1, z: 1}
  m_Children: []
  m_Father: {fileID: 1830595121}
  m_RootOrder: 0
--- !u!23 &1394634043
MeshRenderer:
  m_ObjectHideFlags: 0
  m_PrefabParentObject: {fileID: 2373756, guid: f64f7fe510a08a14180ef61b151b5cf6,
    type: 2}
  m_PrefabInternal: {fileID: 1830595120}
  m_GameObject: {fileID: 1394634041}
  m_Enabled: 1
  m_CastShadows: 1
  m_ReceiveShadows: 1
  m_Materials:
  - {fileID: 2100000, guid: 2e8c73f3072b0f64aad9563ad3be8817, type: 2}
  m_SubsetIndices: 
  m_StaticBatchRoot: {fileID: 0}
  m_UseLightProbes: 1
  m_ReflectionProbeUsage: 1
  m_ProbeAnchor: {fileID: 0}
  m_ScaleInLightmap: 1
  m_PreserveUVs: 0
  m_IgnoreNormalsForChartDetection: 0
  m_ImportantGI: 0
  m_MinimumChartSize: 4
  m_AutoUVMaxDistance: 0.5
  m_AutoUVMaxAngle: 89
  m_LightmapParameters: {fileID: 0}
  m_SortingLayerID: 0
  m_SortingOrder: 0
--- !u!33 &1394634044
MeshFilter:
  m_ObjectHideFlags: 0
  m_PrefabParentObject: {fileID: 3339128, guid: f64f7fe510a08a14180ef61b151b5cf6,
    type: 2}
  m_PrefabInternal: {fileID: 1830595120}
  m_GameObject: {fileID: 1394634041}
  m_Mesh: {fileID: 4300006, guid: 3d15a564797e7aa4eb0adae903b18a1b, type: 3}
--- !u!1 &1417794082
GameObject:
  m_ObjectHideFlags: 0
  m_PrefabParentObject: {fileID: 118838, guid: 4d55bf51dc47e984b8ac425334d50d09, type: 2}
  m_PrefabInternal: {fileID: 226916848}
  serializedVersion: 4
  m_Component:
  - 4: {fileID: 226916849}
  - 33: {fileID: 1417794084}
  - 23: {fileID: 1417794083}
  m_Layer: 0
  m_Name: FlowerPot
  m_TagString: Untagged
  m_Icon: {fileID: 0}
  m_NavMeshLayer: 0
  m_StaticEditorFlags: 4294967295
  m_IsActive: 1
--- !u!23 &1417794083
MeshRenderer:
  m_ObjectHideFlags: 0
  m_PrefabParentObject: {fileID: 2382202, guid: 4d55bf51dc47e984b8ac425334d50d09,
    type: 2}
  m_PrefabInternal: {fileID: 226916848}
  m_GameObject: {fileID: 1417794082}
  m_Enabled: 1
  m_CastShadows: 1
  m_ReceiveShadows: 1
  m_Materials:
  - {fileID: 2100000, guid: 53b5dcc2b0b49cf4a8581ca04880bdec, type: 2}
  m_SubsetIndices: 
  m_StaticBatchRoot: {fileID: 0}
  m_UseLightProbes: 1
  m_ReflectionProbeUsage: 1
  m_ProbeAnchor: {fileID: 0}
  m_ScaleInLightmap: 1
  m_PreserveUVs: 0
  m_IgnoreNormalsForChartDetection: 0
  m_ImportantGI: 0
  m_MinimumChartSize: 4
  m_AutoUVMaxDistance: 0.5
  m_AutoUVMaxAngle: 89
  m_LightmapParameters: {fileID: 0}
  m_SortingLayerID: 0
  m_SortingOrder: 0
--- !u!33 &1417794084
MeshFilter:
  m_ObjectHideFlags: 0
  m_PrefabParentObject: {fileID: 3328150, guid: 4d55bf51dc47e984b8ac425334d50d09,
    type: 2}
  m_PrefabInternal: {fileID: 226916848}
  m_GameObject: {fileID: 1417794082}
  m_Mesh: {fileID: 4300002, guid: 84c32688c54bc7b4a86e699ee55b3083, type: 3}
--- !u!1 &1488916068
GameObject:
  m_ObjectHideFlags: 0
  m_PrefabParentObject: {fileID: 122732, guid: 9a6c540ad24af05428bc2fefbf84bfef, type: 2}
  m_PrefabInternal: {fileID: 664361225}
  serializedVersion: 4
  m_Component:
  - 4: {fileID: 1488916069}
  - 33: {fileID: 1488916071}
  - 23: {fileID: 1488916070}
  m_Layer: 0
  m_Name: Bed_frame
  m_TagString: Untagged
  m_Icon: {fileID: 0}
  m_NavMeshLayer: 0
  m_StaticEditorFlags: 4294967295
  m_IsActive: 1
--- !u!4 &1488916069
Transform:
  m_ObjectHideFlags: 0
  m_PrefabParentObject: {fileID: 475074, guid: 9a6c540ad24af05428bc2fefbf84bfef, type: 2}
  m_PrefabInternal: {fileID: 664361225}
  m_GameObject: {fileID: 1488916068}
  m_LocalRotation: {x: 0.00000008146034, y: 0, z: 0, w: 1}
  m_LocalPosition: {x: 0, y: 0.5037977, z: 0}
  m_LocalScale: {x: 1, y: 1, z: 1}
  m_Children: []
  m_Father: {fileID: 664361226}
  m_RootOrder: 1
--- !u!23 &1488916070
MeshRenderer:
  m_ObjectHideFlags: 0
  m_PrefabParentObject: {fileID: 2360738, guid: 9a6c540ad24af05428bc2fefbf84bfef,
    type: 2}
  m_PrefabInternal: {fileID: 664361225}
  m_GameObject: {fileID: 1488916068}
  m_Enabled: 1
  m_CastShadows: 1
  m_ReceiveShadows: 1
  m_Materials:
  - {fileID: 2100000, guid: 2eb9667469d9fe14b95d46866b0694a4, type: 2}
  m_SubsetIndices: 
  m_StaticBatchRoot: {fileID: 0}
  m_UseLightProbes: 1
  m_ReflectionProbeUsage: 1
  m_ProbeAnchor: {fileID: 0}
  m_ScaleInLightmap: 1
  m_PreserveUVs: 0
  m_IgnoreNormalsForChartDetection: 0
  m_ImportantGI: 0
  m_MinimumChartSize: 4
  m_AutoUVMaxDistance: 0.5
  m_AutoUVMaxAngle: 89
  m_LightmapParameters: {fileID: 0}
  m_SortingLayerID: 0
  m_SortingOrder: 0
--- !u!33 &1488916071
MeshFilter:
  m_ObjectHideFlags: 0
  m_PrefabParentObject: {fileID: 3338020, guid: 9a6c540ad24af05428bc2fefbf84bfef,
    type: 2}
  m_PrefabInternal: {fileID: 664361225}
  m_GameObject: {fileID: 1488916068}
  m_Mesh: {fileID: 4300012, guid: bd0baab8db97d344698c4702238a1fef, type: 3}
--- !u!1001 &1515328271
Prefab:
  m_ObjectHideFlags: 0
  serializedVersion: 2
  m_Modification:
    m_TransformParent: {fileID: 1808909775}
    m_Modifications:
    - target: {fileID: 426968, guid: edd83bc6ac0cf6a4892fbfc16a3ac060, type: 2}
      propertyPath: m_LocalPosition.x
      value: -2.955
      objectReference: {fileID: 0}
    - target: {fileID: 426968, guid: edd83bc6ac0cf6a4892fbfc16a3ac060, type: 2}
      propertyPath: m_LocalPosition.y
      value: 1.228
      objectReference: {fileID: 0}
    - target: {fileID: 426968, guid: edd83bc6ac0cf6a4892fbfc16a3ac060, type: 2}
      propertyPath: m_LocalPosition.z
      value: -4.801
      objectReference: {fileID: 0}
    - target: {fileID: 426968, guid: edd83bc6ac0cf6a4892fbfc16a3ac060, type: 2}
      propertyPath: m_LocalRotation.x
      value: 0
      objectReference: {fileID: 0}
    - target: {fileID: 426968, guid: edd83bc6ac0cf6a4892fbfc16a3ac060, type: 2}
      propertyPath: m_LocalRotation.y
      value: 0
      objectReference: {fileID: 0}
    - target: {fileID: 426968, guid: edd83bc6ac0cf6a4892fbfc16a3ac060, type: 2}
      propertyPath: m_LocalRotation.z
      value: 0
      objectReference: {fileID: 0}
    - target: {fileID: 426968, guid: edd83bc6ac0cf6a4892fbfc16a3ac060, type: 2}
      propertyPath: m_LocalRotation.w
      value: 1
      objectReference: {fileID: 0}
    - target: {fileID: 426968, guid: edd83bc6ac0cf6a4892fbfc16a3ac060, type: 2}
      propertyPath: m_RootOrder
      value: 2
      objectReference: {fileID: 0}
    - target: {fileID: 176358, guid: edd83bc6ac0cf6a4892fbfc16a3ac060, type: 2}
      propertyPath: m_StaticEditorFlags
      value: 4294967295
      objectReference: {fileID: 0}
    m_RemovedComponents: []
  m_ParentPrefab: {fileID: 100100000, guid: edd83bc6ac0cf6a4892fbfc16a3ac060, type: 2}
  m_RootGameObject: {fileID: 1870257131}
  m_IsPrefabParent: 0
--- !u!4 &1515328272
Transform:
  m_ObjectHideFlags: 0
  m_PrefabParentObject: {fileID: 426968, guid: edd83bc6ac0cf6a4892fbfc16a3ac060, type: 2}
  m_PrefabInternal: {fileID: 1515328271}
  m_GameObject: {fileID: 1870257131}
  m_LocalRotation: {x: 0, y: 0, z: 0, w: 1}
  m_LocalPosition: {x: -2.955, y: 1.228, z: -4.801}
  m_LocalScale: {x: 1, y: 1, z: 1}
  m_Children: []
  m_Father: {fileID: 1808909775}
  m_RootOrder: 2
--- !u!1 &1515498738
GameObject:
  m_ObjectHideFlags: 0
  m_PrefabParentObject: {fileID: 0}
  m_PrefabInternal: {fileID: 0}
  serializedVersion: 4
  m_Component:
  - 4: {fileID: 1515498740}
  - 108: {fileID: 1515498739}
  m_Layer: 0
  m_Name: Room_light
  m_TagString: Untagged
  m_Icon: {fileID: 0}
  m_NavMeshLayer: 0
  m_StaticEditorFlags: 4294967295
  m_IsActive: 1
--- !u!108 &1515498739
Light:
  m_ObjectHideFlags: 0
  m_PrefabParentObject: {fileID: 0}
  m_PrefabInternal: {fileID: 0}
  m_GameObject: {fileID: 1515498738}
  m_Enabled: 1
  serializedVersion: 6
  m_Type: 0
  m_Color: {r: 1, g: 1, b: 1, a: 1}
  m_Intensity: 1.8
  m_Range: 30
  m_SpotAngle: 160
  m_CookieSize: 10
  m_Shadows:
    m_Type: 1
    m_Resolution: -1
    m_Strength: 1
    m_Bias: 0.05
    m_NormalBias: 0
    m_NearPlane: 0.2
  m_Cookie: {fileID: 0}
  m_DrawHalo: 0
  m_Flare: {fileID: 0}
  m_RenderMode: 0
  m_CullingMask:
    serializedVersion: 2
    m_Bits: 4294967295
  m_Lightmapping: 2
  m_BounceIntensity: 1
  m_ShadowRadius: 0
  m_ShadowAngle: 0
  m_AreaSize: {x: 1, y: 1}
--- !u!4 &1515498740
Transform:
  m_ObjectHideFlags: 0
  m_PrefabParentObject: {fileID: 0}
  m_PrefabInternal: {fileID: 0}
  m_GameObject: {fileID: 1515498738}
  m_LocalRotation: {x: 0.707106, y: 0, z: 0, w: 0.7071076}
  m_LocalPosition: {x: -3, y: 3, z: -3}
  m_LocalScale: {x: 1, y: 1, z: 1}
  m_Children: []
  m_Father: {fileID: 39448040}
  m_RootOrder: 3
--- !u!1001 &1516202608
Prefab:
  m_ObjectHideFlags: 0
  serializedVersion: 2
  m_Modification:
    m_TransformParent: {fileID: 1808909775}
    m_Modifications:
    - target: {fileID: 493642, guid: 44da129e464c0684799242f4d23bc1c7, type: 2}
      propertyPath: m_LocalPosition.x
      value: -4.75
      objectReference: {fileID: 0}
    - target: {fileID: 493642, guid: 44da129e464c0684799242f4d23bc1c7, type: 2}
      propertyPath: m_LocalPosition.y
      value: 0
      objectReference: {fileID: 0}
    - target: {fileID: 493642, guid: 44da129e464c0684799242f4d23bc1c7, type: 2}
      propertyPath: m_LocalPosition.z
      value: -3.559
      objectReference: {fileID: 0}
    - target: {fileID: 493642, guid: 44da129e464c0684799242f4d23bc1c7, type: 2}
      propertyPath: m_LocalRotation.x
      value: 0.000000017948754
      objectReference: {fileID: 0}
    - target: {fileID: 493642, guid: 44da129e464c0684799242f4d23bc1c7, type: 2}
      propertyPath: m_LocalRotation.y
      value: -0.57058555
      objectReference: {fileID: 0}
    - target: {fileID: 493642, guid: 44da129e464c0684799242f4d23bc1c7, type: 2}
      propertyPath: m_LocalRotation.z
      value: 0.000000012470533
      objectReference: {fileID: 0}
    - target: {fileID: 493642, guid: 44da129e464c0684799242f4d23bc1c7, type: 2}
      propertyPath: m_LocalRotation.w
      value: 0.8212382
      objectReference: {fileID: 0}
    - target: {fileID: 493642, guid: 44da129e464c0684799242f4d23bc1c7, type: 2}
      propertyPath: m_RootOrder
      value: 4
      objectReference: {fileID: 0}
    - target: {fileID: 162808, guid: 44da129e464c0684799242f4d23bc1c7, type: 2}
      propertyPath: m_StaticEditorFlags
      value: 4294967295
      objectReference: {fileID: 0}
    - target: {fileID: 2308604, guid: 44da129e464c0684799242f4d23bc1c7, type: 2}
      propertyPath: m_ScaleInLightmap
      value: 1.5
      objectReference: {fileID: 0}
    m_RemovedComponents: []
  m_ParentPrefab: {fileID: 100100000, guid: 44da129e464c0684799242f4d23bc1c7, type: 2}
  m_RootGameObject: {fileID: 1570650750}
  m_IsPrefabParent: 0
--- !u!4 &1516202609
Transform:
  m_ObjectHideFlags: 0
  m_PrefabParentObject: {fileID: 493642, guid: 44da129e464c0684799242f4d23bc1c7, type: 2}
  m_PrefabInternal: {fileID: 1516202608}
  m_GameObject: {fileID: 1570650750}
  m_LocalRotation: {x: 0.000000017948754, y: -0.57058555, z: 0.000000012470533, w: 0.8212382}
  m_LocalPosition: {x: -4.75, y: 0, z: -3.559}
  m_LocalScale: {x: 1, y: 1, z: 1}
  m_Children: []
  m_Father: {fileID: 1808909775}
  m_RootOrder: 4
--- !u!1 &1570650750
GameObject:
  m_ObjectHideFlags: 0
  m_PrefabParentObject: {fileID: 162808, guid: 44da129e464c0684799242f4d23bc1c7, type: 2}
  m_PrefabInternal: {fileID: 1516202608}
  serializedVersion: 4
  m_Component:
  - 4: {fileID: 1516202609}
  - 33: {fileID: 1570650752}
  - 23: {fileID: 1570650751}
  m_Layer: 0
  m_Name: LampFloor
  m_TagString: Untagged
  m_Icon: {fileID: 0}
  m_NavMeshLayer: 0
  m_StaticEditorFlags: 4294967295
  m_IsActive: 1
--- !u!23 &1570650751
MeshRenderer:
  m_ObjectHideFlags: 0
  m_PrefabParentObject: {fileID: 2308604, guid: 44da129e464c0684799242f4d23bc1c7,
    type: 2}
  m_PrefabInternal: {fileID: 1516202608}
  m_GameObject: {fileID: 1570650750}
  m_Enabled: 1
  m_CastShadows: 1
  m_ReceiveShadows: 1
  m_Materials:
  - {fileID: 2100000, guid: b23403dad86e15946a8456a0256331bd, type: 2}
  m_SubsetIndices: 
  m_StaticBatchRoot: {fileID: 0}
  m_UseLightProbes: 1
  m_ReflectionProbeUsage: 1
  m_ProbeAnchor: {fileID: 0}
  m_ScaleInLightmap: 1.5
  m_PreserveUVs: 0
  m_IgnoreNormalsForChartDetection: 0
  m_ImportantGI: 0
  m_MinimumChartSize: 4
  m_AutoUVMaxDistance: 0.5
  m_AutoUVMaxAngle: 89
  m_LightmapParameters: {fileID: 0}
  m_SortingLayerID: 0
  m_SortingOrder: 0
--- !u!33 &1570650752
MeshFilter:
  m_ObjectHideFlags: 0
  m_PrefabParentObject: {fileID: 3394498, guid: 44da129e464c0684799242f4d23bc1c7,
    type: 2}
  m_PrefabInternal: {fileID: 1516202608}
  m_GameObject: {fileID: 1570650750}
  m_Mesh: {fileID: 4300008, guid: ca148a90b33b33d4596a68f55625287f, type: 3}
--- !u!1 &1580042123
GameObject:
  m_ObjectHideFlags: 0
  m_PrefabParentObject: {fileID: 121342, guid: c916b1f1be453f848a2a11b587e4a87b, type: 2}
  m_PrefabInternal: {fileID: 2091468523}
  serializedVersion: 4
  m_Component:
  - 4: {fileID: 1580042124}
  - 33: {fileID: 1580042126}
  - 23: {fileID: 1580042125}
  m_Layer: 0
  m_Name: Wardrobe_box_bottom
  m_TagString: Untagged
  m_Icon: {fileID: 0}
  m_NavMeshLayer: 0
  m_StaticEditorFlags: 4294967295
  m_IsActive: 1
--- !u!4 &1580042124
Transform:
  m_ObjectHideFlags: 0
  m_PrefabParentObject: {fileID: 447036, guid: c916b1f1be453f848a2a11b587e4a87b, type: 2}
  m_PrefabInternal: {fileID: 2091468523}
  m_GameObject: {fileID: 1580042123}
  m_LocalRotation: {x: 0.000000021855694, y: 0, z: 0, w: 1}
  m_LocalPosition: {x: 0, y: 0.174625, z: 0.506}
  m_LocalScale: {x: 1, y: 1, z: 1}
  m_Children: []
  m_Father: {fileID: 2091468524}
  m_RootOrder: 1
--- !u!23 &1580042125
MeshRenderer:
  m_ObjectHideFlags: 0
  m_PrefabParentObject: {fileID: 2367926, guid: c916b1f1be453f848a2a11b587e4a87b,
    type: 2}
  m_PrefabInternal: {fileID: 2091468523}
  m_GameObject: {fileID: 1580042123}
  m_Enabled: 1
  m_CastShadows: 1
  m_ReceiveShadows: 1
  m_Materials:
  - {fileID: 2100000, guid: 300e499f28e36834fba15eca555e0d30, type: 2}
  m_SubsetIndices: 
  m_StaticBatchRoot: {fileID: 0}
  m_UseLightProbes: 1
  m_ReflectionProbeUsage: 1
  m_ProbeAnchor: {fileID: 0}
  m_ScaleInLightmap: 1
  m_PreserveUVs: 0
  m_IgnoreNormalsForChartDetection: 0
  m_ImportantGI: 0
  m_MinimumChartSize: 4
  m_AutoUVMaxDistance: 0.5
  m_AutoUVMaxAngle: 89
  m_LightmapParameters: {fileID: 0}
  m_SortingLayerID: 0
  m_SortingOrder: 0
--- !u!33 &1580042126
MeshFilter:
  m_ObjectHideFlags: 0
  m_PrefabParentObject: {fileID: 3387390, guid: c916b1f1be453f848a2a11b587e4a87b,
    type: 2}
  m_PrefabInternal: {fileID: 2091468523}
  m_GameObject: {fileID: 1580042123}
  m_Mesh: {fileID: 4300004, guid: b3479b1b8a638db4bba7239e7dbf4e76, type: 3}
--- !u!1 &1667017529
GameObject:
  m_ObjectHideFlags: 0
  m_PrefabParentObject: {fileID: 130490, guid: 165fd7592c6d8d9439ed3b1102bc939f, type: 2}
  m_PrefabInternal: {fileID: 396304560}
  serializedVersion: 4
  m_Component:
  - 4: {fileID: 1667017530}
  - 33: {fileID: 1667017532}
  - 23: {fileID: 1667017531}
  m_Layer: 0
  m_Name: OfficeTable
  m_TagString: Untagged
  m_Icon: {fileID: 0}
  m_NavMeshLayer: 0
  m_StaticEditorFlags: 4294967295
  m_IsActive: 1
--- !u!4 &1667017530
Transform:
  m_ObjectHideFlags: 0
  m_PrefabParentObject: {fileID: 488160, guid: 165fd7592c6d8d9439ed3b1102bc939f, type: 2}
  m_PrefabInternal: {fileID: 396304560}
  m_GameObject: {fileID: 1667017529}
  m_LocalRotation: {x: 0.000000021855694, y: 0, z: 0, w: 1}
  m_LocalPosition: {x: 0, y: 0, z: -0.00000014339179}
  m_LocalScale: {x: 1, y: 1, z: 1}
  m_Children: []
  m_Father: {fileID: 396304561}
  m_RootOrder: 0
--- !u!23 &1667017531
MeshRenderer:
  m_ObjectHideFlags: 0
  m_PrefabParentObject: {fileID: 2330588, guid: 165fd7592c6d8d9439ed3b1102bc939f,
    type: 2}
  m_PrefabInternal: {fileID: 396304560}
  m_GameObject: {fileID: 1667017529}
  m_Enabled: 1
  m_CastShadows: 1
  m_ReceiveShadows: 1
  m_Materials:
  - {fileID: 2100000, guid: 82e24537e90c0884ca29a92eb19e672e, type: 2}
  m_SubsetIndices: 
  m_StaticBatchRoot: {fileID: 0}
  m_UseLightProbes: 1
  m_ReflectionProbeUsage: 1
  m_ProbeAnchor: {fileID: 0}
  m_ScaleInLightmap: 1
  m_PreserveUVs: 0
  m_IgnoreNormalsForChartDetection: 0
  m_ImportantGI: 0
  m_MinimumChartSize: 4
  m_AutoUVMaxDistance: 0.5
  m_AutoUVMaxAngle: 89
  m_LightmapParameters: {fileID: 0}
  m_SortingLayerID: 0
  m_SortingOrder: 0
--- !u!33 &1667017532
MeshFilter:
  m_ObjectHideFlags: 0
  m_PrefabParentObject: {fileID: 3332450, guid: 165fd7592c6d8d9439ed3b1102bc939f,
    type: 2}
  m_PrefabInternal: {fileID: 396304560}
  m_GameObject: {fileID: 1667017529}
  m_Mesh: {fileID: 4300002, guid: 701d15f6915bc1843885e1c8a42762cf, type: 3}
--- !u!1 &1808909774
GameObject:
  m_ObjectHideFlags: 0
  m_PrefabParentObject: {fileID: 0}
  m_PrefabInternal: {fileID: 0}
  serializedVersion: 4
  m_Component:
  - 4: {fileID: 1808909775}
  m_Layer: 0
  m_Name: Objects
  m_TagString: Untagged
  m_Icon: {fileID: 0}
  m_NavMeshLayer: 0
  m_StaticEditorFlags: 4294967295
  m_IsActive: 1
--- !u!4 &1808909775
Transform:
  m_ObjectHideFlags: 0
  m_PrefabParentObject: {fileID: 0}
  m_PrefabInternal: {fileID: 0}
  m_GameObject: {fileID: 1808909774}
  m_LocalRotation: {x: 0, y: 0, z: 0, w: 1}
  m_LocalPosition: {x: 0, y: 0, z: 0}
  m_LocalScale: {x: 1, y: 1, z: 1}
  m_Children:
  - {fileID: 226916849}
  - {fileID: 2091468524}
  - {fileID: 1515328272}
  - {fileID: 1819801356}
  - {fileID: 1516202609}
  - {fileID: 664361226}
  - {fileID: 396304561}
  - {fileID: 1830595121}
  m_Father: {fileID: 1350484708}
  m_RootOrder: 0
--- !u!1 &1809550744
GameObject:
  m_ObjectHideFlags: 0
  m_PrefabParentObject: {fileID: 145678, guid: 165fd7592c6d8d9439ed3b1102bc939f, type: 2}
  m_PrefabInternal: {fileID: 396304560}
  serializedVersion: 4
  m_Component:
  - 4: {fileID: 396304561}
  m_Layer: 0
  m_Name: OfficeTable
  m_TagString: Untagged
  m_Icon: {fileID: 0}
  m_NavMeshLayer: 0
  m_StaticEditorFlags: 4294967295
  m_IsActive: 1
--- !u!1001 &1819801355
Prefab:
  m_ObjectHideFlags: 0
  serializedVersion: 2
  m_Modification:
    m_TransformParent: {fileID: 1808909775}
    m_Modifications:
    - target: {fileID: 423594, guid: 1a10a7e9a77ae1747acd7fa508ee6508, type: 2}
      propertyPath: m_LocalPosition.x
      value: -1.537
      objectReference: {fileID: 0}
    - target: {fileID: 423594, guid: 1a10a7e9a77ae1747acd7fa508ee6508, type: 2}
      propertyPath: m_LocalPosition.y
      value: -0
      objectReference: {fileID: 0}
    - target: {fileID: 423594, guid: 1a10a7e9a77ae1747acd7fa508ee6508, type: 2}
      propertyPath: m_LocalPosition.z
      value: -4.913
      objectReference: {fileID: 0}
    - target: {fileID: 423594, guid: 1a10a7e9a77ae1747acd7fa508ee6508, type: 2}
      propertyPath: m_LocalRotation.x
      value: 0.0000000059624385
      objectReference: {fileID: 0}
    - target: {fileID: 423594, guid: 1a10a7e9a77ae1747acd7fa508ee6508, type: 2}
      propertyPath: m_LocalRotation.y
      value: 0.00000004371139
      objectReference: {fileID: 0}
    - target: {fileID: 423594, guid: 1a10a7e9a77ae1747acd7fa508ee6508, type: 2}
      propertyPath: m_LocalRotation.z
      value: -0.00000004371139
      objectReference: {fileID: 0}
    - target: {fileID: 423594, guid: 1a10a7e9a77ae1747acd7fa508ee6508, type: 2}
      propertyPath: m_LocalRotation.w
      value: 1
      objectReference: {fileID: 0}
    - target: {fileID: 423594, guid: 1a10a7e9a77ae1747acd7fa508ee6508, type: 2}
      propertyPath: m_RootOrder
      value: 3
      objectReference: {fileID: 0}
    - target: {fileID: 194222, guid: 1a10a7e9a77ae1747acd7fa508ee6508, type: 2}
      propertyPath: m_StaticEditorFlags
      value: 4294967295
      objectReference: {fileID: 0}
    m_RemovedComponents: []
  m_ParentPrefab: {fileID: 100100000, guid: 1a10a7e9a77ae1747acd7fa508ee6508, type: 2}
  m_RootGameObject: {fileID: 2113065863}
  m_IsPrefabParent: 0
--- !u!4 &1819801356
Transform:
  m_ObjectHideFlags: 0
  m_PrefabParentObject: {fileID: 423594, guid: 1a10a7e9a77ae1747acd7fa508ee6508, type: 2}
  m_PrefabInternal: {fileID: 1819801355}
  m_GameObject: {fileID: 2113065863}
  m_LocalRotation: {x: 0.0000000059624385, y: 0.00000004371139, z: -0.00000004371139,
    w: 1}
  m_LocalPosition: {x: -1.537, y: -0, z: -4.913}
  m_LocalScale: {x: 1, y: 1, z: 1}
  m_Children: []
  m_Father: {fileID: 1808909775}
  m_RootOrder: 3
--- !u!1001 &1830595120
Prefab:
  m_ObjectHideFlags: 0
  serializedVersion: 2
  m_Modification:
    m_TransformParent: {fileID: 1808909775}
    m_Modifications:
    - target: {fileID: 498772, guid: f64f7fe510a08a14180ef61b151b5cf6, type: 2}
      propertyPath: m_LocalPosition.x
      value: -1.803
      objectReference: {fileID: 0}
    - target: {fileID: 498772, guid: f64f7fe510a08a14180ef61b151b5cf6, type: 2}
      propertyPath: m_LocalPosition.y
      value: 0
      objectReference: {fileID: 0}
    - target: {fileID: 498772, guid: f64f7fe510a08a14180ef61b151b5cf6, type: 2}
      propertyPath: m_LocalPosition.z
      value: -3.475
      objectReference: {fileID: 0}
    - target: {fileID: 498772, guid: f64f7fe510a08a14180ef61b151b5cf6, type: 2}
      propertyPath: m_LocalRotation.x
      value: 0
      objectReference: {fileID: 0}
    - target: {fileID: 498772, guid: f64f7fe510a08a14180ef61b151b5cf6, type: 2}
      propertyPath: m_LocalRotation.y
      value: 0.5230994
      objectReference: {fileID: 0}
    - target: {fileID: 498772, guid: f64f7fe510a08a14180ef61b151b5cf6, type: 2}
      propertyPath: m_LocalRotation.z
      value: 0
      objectReference: {fileID: 0}
    - target: {fileID: 498772, guid: f64f7fe510a08a14180ef61b151b5cf6, type: 2}
      propertyPath: m_LocalRotation.w
      value: 0.8522717
      objectReference: {fileID: 0}
    - target: {fileID: 498772, guid: f64f7fe510a08a14180ef61b151b5cf6, type: 2}
      propertyPath: m_RootOrder
      value: 7
      objectReference: {fileID: 0}
    - target: {fileID: 170062, guid: f64f7fe510a08a14180ef61b151b5cf6, type: 2}
      propertyPath: m_StaticEditorFlags
      value: 4294967295
      objectReference: {fileID: 0}
    - target: {fileID: 117844, guid: f64f7fe510a08a14180ef61b151b5cf6, type: 2}
      propertyPath: m_StaticEditorFlags
      value: 4294967295
      objectReference: {fileID: 0}
    - target: {fileID: 188278, guid: f64f7fe510a08a14180ef61b151b5cf6, type: 2}
      propertyPath: m_StaticEditorFlags
      value: 4294967295
      objectReference: {fileID: 0}
    m_RemovedComponents: []
  m_ParentPrefab: {fileID: 100100000, guid: f64f7fe510a08a14180ef61b151b5cf6, type: 2}
  m_RootGameObject: {fileID: 1872935194}
  m_IsPrefabParent: 0
--- !u!4 &1830595121
Transform:
  m_ObjectHideFlags: 0
  m_PrefabParentObject: {fileID: 498772, guid: f64f7fe510a08a14180ef61b151b5cf6, type: 2}
  m_PrefabInternal: {fileID: 1830595120}
  m_GameObject: {fileID: 1872935194}
  m_LocalRotation: {x: 0, y: 0.5230994, z: 0, w: 0.8522717}
  m_LocalPosition: {x: -1.803, y: 0, z: -3.475}
  m_LocalScale: {x: 1, y: 1, z: 1}
  m_Children:
  - {fileID: 1394634042}
  - {fileID: 457378738}
  m_Father: {fileID: 1808909775}
  m_RootOrder: 7
--- !u!1 &1836052188
GameObject:
  m_ObjectHideFlags: 0
  m_PrefabParentObject: {fileID: 167248, guid: 9a6c540ad24af05428bc2fefbf84bfef, type: 2}
  m_PrefabInternal: {fileID: 664361225}
  serializedVersion: 4
  m_Component:
  - 4: {fileID: 1836052189}
  - 33: {fileID: 1836052191}
  - 23: {fileID: 1836052190}
  m_Layer: 0
  m_Name: Bed_fence
  m_TagString: Untagged
  m_Icon: {fileID: 0}
  m_NavMeshLayer: 0
  m_StaticEditorFlags: 4294967295
  m_IsActive: 1
--- !u!4 &1836052189
Transform:
  m_ObjectHideFlags: 0
  m_PrefabParentObject: {fileID: 427980, guid: 9a6c540ad24af05428bc2fefbf84bfef, type: 2}
  m_PrefabInternal: {fileID: 664361225}
  m_GameObject: {fileID: 1836052188}
  m_LocalRotation: {x: 0.00000008146034, y: 0, z: 0, w: 1}
  m_LocalPosition: {x: 0, y: 0.5037156, z: 0.000000048434828}
  m_LocalScale: {x: 1, y: 1, z: 1}
  m_Children: []
  m_Father: {fileID: 664361226}
  m_RootOrder: 0
--- !u!23 &1836052190
MeshRenderer:
  m_ObjectHideFlags: 0
  m_PrefabParentObject: {fileID: 2311412, guid: 9a6c540ad24af05428bc2fefbf84bfef,
    type: 2}
  m_PrefabInternal: {fileID: 664361225}
  m_GameObject: {fileID: 1836052188}
  m_Enabled: 1
  m_CastShadows: 1
  m_ReceiveShadows: 1
  m_Materials:
  - {fileID: 2100000, guid: 2eb9667469d9fe14b95d46866b0694a4, type: 2}
  m_SubsetIndices: 
  m_StaticBatchRoot: {fileID: 0}
  m_UseLightProbes: 1
  m_ReflectionProbeUsage: 1
  m_ProbeAnchor: {fileID: 0}
  m_ScaleInLightmap: 1
  m_PreserveUVs: 0
  m_IgnoreNormalsForChartDetection: 0
  m_ImportantGI: 0
  m_MinimumChartSize: 4
  m_AutoUVMaxDistance: 0.5
  m_AutoUVMaxAngle: 89
  m_LightmapParameters: {fileID: 0}
  m_SortingLayerID: 0
  m_SortingOrder: 0
--- !u!33 &1836052191
MeshFilter:
  m_ObjectHideFlags: 0
  m_PrefabParentObject: {fileID: 3369302, guid: 9a6c540ad24af05428bc2fefbf84bfef,
    type: 2}
  m_PrefabInternal: {fileID: 664361225}
  m_GameObject: {fileID: 1836052188}
  m_Mesh: {fileID: 4300018, guid: bd0baab8db97d344698c4702238a1fef, type: 3}
--- !u!1 &1852449099
GameObject:
  m_ObjectHideFlags: 0
  m_PrefabParentObject: {fileID: 0}
  m_PrefabInternal: {fileID: 0}
  serializedVersion: 4
  m_Component:
  - 4: {fileID: 1852449103}
  - 33: {fileID: 1852449102}
  - 64: {fileID: 1852449101}
  - 23: {fileID: 1852449100}
  m_Layer: 0
  m_Name: Room_wall
  m_TagString: Untagged
  m_Icon: {fileID: 0}
  m_NavMeshLayer: 0
  m_StaticEditorFlags: 4294967295
  m_IsActive: 1
--- !u!23 &1852449100
MeshRenderer:
  m_ObjectHideFlags: 0
  m_PrefabParentObject: {fileID: 0}
  m_PrefabInternal: {fileID: 0}
  m_GameObject: {fileID: 1852449099}
  m_Enabled: 1
  m_CastShadows: 1
  m_ReceiveShadows: 1
  m_Materials:
  - {fileID: 2100000, guid: d7b647a5e61a662408054f3d05528b61, type: 2}
  m_SubsetIndices: 
  m_StaticBatchRoot: {fileID: 0}
  m_UseLightProbes: 1
  m_ReflectionProbeUsage: 1
  m_ProbeAnchor: {fileID: 0}
  m_ScaleInLightmap: 1
  m_PreserveUVs: 1
  m_IgnoreNormalsForChartDetection: 0
  m_ImportantGI: 0
  m_MinimumChartSize: 4
  m_AutoUVMaxDistance: 0.5
  m_AutoUVMaxAngle: 89
  m_LightmapParameters: {fileID: 0}
  m_SortingLayerID: 0
  m_SortingOrder: 0
--- !u!64 &1852449101
MeshCollider:
  m_ObjectHideFlags: 0
  m_PrefabParentObject: {fileID: 0}
  m_PrefabInternal: {fileID: 0}
  m_GameObject: {fileID: 1852449099}
  m_Material: {fileID: 0}
  m_IsTrigger: 0
  m_Enabled: 1
  serializedVersion: 2
  m_Convex: 0
  m_Mesh: {fileID: 10209, guid: 0000000000000000e000000000000000, type: 0}
--- !u!33 &1852449102
MeshFilter:
  m_ObjectHideFlags: 0
  m_PrefabParentObject: {fileID: 0}
  m_PrefabInternal: {fileID: 0}
  m_GameObject: {fileID: 1852449099}
  m_Mesh: {fileID: 10209, guid: 0000000000000000e000000000000000, type: 0}
--- !u!4 &1852449103
Transform:
  m_ObjectHideFlags: 0
  m_PrefabParentObject: {fileID: 0}
  m_PrefabInternal: {fileID: 0}
  m_GameObject: {fileID: 1852449099}
  m_LocalRotation: {x: -0.5, y: -0.5, z: -0.4999989, w: 0.5000011}
  m_LocalPosition: {x: -5, y: 2, z: -2.5}
  m_LocalScale: {x: 0.5, y: 0.5, z: 0.5}
  m_Children: []
  m_Father: {fileID: 39448040}
  m_RootOrder: 1
--- !u!1 &1863749788
GameObject:
  m_ObjectHideFlags: 0
  m_PrefabParentObject: {fileID: 0}
  m_PrefabInternal: {fileID: 0}
  serializedVersion: 4
  m_Component:
  - 4: {fileID: 1863749792}
  - 33: {fileID: 1863749791}
  - 64: {fileID: 1863749790}
  - 23: {fileID: 1863749789}
  m_Layer: 0
  m_Name: Room_wall (1)
  m_TagString: Untagged
  m_Icon: {fileID: 0}
  m_NavMeshLayer: 0
  m_StaticEditorFlags: 4294967295
  m_IsActive: 1
--- !u!23 &1863749789
MeshRenderer:
  m_ObjectHideFlags: 0
  m_PrefabParentObject: {fileID: 0}
  m_PrefabInternal: {fileID: 0}
  m_GameObject: {fileID: 1863749788}
  m_Enabled: 1
  m_CastShadows: 1
  m_ReceiveShadows: 1
  m_Materials:
  - {fileID: 2100000, guid: d7b647a5e61a662408054f3d05528b61, type: 2}
  m_SubsetIndices: 
  m_StaticBatchRoot: {fileID: 0}
  m_UseLightProbes: 1
  m_ReflectionProbeUsage: 1
  m_ProbeAnchor: {fileID: 0}
  m_ScaleInLightmap: 1
  m_PreserveUVs: 1
  m_IgnoreNormalsForChartDetection: 0
  m_ImportantGI: 0
  m_MinimumChartSize: 4
  m_AutoUVMaxDistance: 0.5
  m_AutoUVMaxAngle: 89
  m_LightmapParameters: {fileID: 0}
  m_SortingLayerID: 0
  m_SortingOrder: 0
--- !u!64 &1863749790
MeshCollider:
  m_ObjectHideFlags: 0
  m_PrefabParentObject: {fileID: 0}
  m_PrefabInternal: {fileID: 0}
  m_GameObject: {fileID: 1863749788}
  m_Material: {fileID: 0}
  m_IsTrigger: 0
  m_Enabled: 1
  serializedVersion: 2
  m_Convex: 0
  m_Mesh: {fileID: 10209, guid: 0000000000000000e000000000000000, type: 0}
--- !u!33 &1863749791
MeshFilter:
  m_ObjectHideFlags: 0
  m_PrefabParentObject: {fileID: 0}
  m_PrefabInternal: {fileID: 0}
  m_GameObject: {fileID: 1863749788}
  m_Mesh: {fileID: 10209, guid: 0000000000000000e000000000000000, type: 0}
--- !u!4 &1863749792
Transform:
  m_ObjectHideFlags: 0
  m_PrefabParentObject: {fileID: 0}
  m_PrefabInternal: {fileID: 0}
  m_GameObject: {fileID: 1863749788}
  m_LocalRotation: {x: 0.000000115202326, y: -0.7071067, z: -0.7071068, w: -0.00000011520231}
  m_LocalPosition: {x: -2.5, y: 2, z: -5}
  m_LocalScale: {x: 0.5, y: 0.5, z: 0.5}
  m_Children: []
  m_Father: {fileID: 39448040}
  m_RootOrder: 0
--- !u!1 &1870257131
GameObject:
  m_ObjectHideFlags: 0
  m_PrefabParentObject: {fileID: 176358, guid: edd83bc6ac0cf6a4892fbfc16a3ac060, type: 2}
  m_PrefabInternal: {fileID: 1515328271}
  serializedVersion: 4
  m_Component:
  - 4: {fileID: 1515328272}
  - 33: {fileID: 1870257133}
  - 23: {fileID: 1870257132}
  m_Layer: 0
  m_Name: Shelf
  m_TagString: Untagged
  m_Icon: {fileID: 0}
  m_NavMeshLayer: 0
  m_StaticEditorFlags: 4294967295
  m_IsActive: 1
--- !u!23 &1870257132
MeshRenderer:
  m_ObjectHideFlags: 0
  m_PrefabParentObject: {fileID: 2357140, guid: edd83bc6ac0cf6a4892fbfc16a3ac060,
    type: 2}
  m_PrefabInternal: {fileID: 1515328271}
  m_GameObject: {fileID: 1870257131}
  m_Enabled: 1
  m_CastShadows: 1
  m_ReceiveShadows: 1
  m_Materials:
  - {fileID: 2100000, guid: 6f663571eeedc624cb04bc417c86bef7, type: 2}
  m_SubsetIndices: 
  m_StaticBatchRoot: {fileID: 0}
  m_UseLightProbes: 1
  m_ReflectionProbeUsage: 1
  m_ProbeAnchor: {fileID: 0}
  m_ScaleInLightmap: 1
  m_PreserveUVs: 0
  m_IgnoreNormalsForChartDetection: 0
  m_ImportantGI: 0
  m_MinimumChartSize: 4
  m_AutoUVMaxDistance: 0.5
  m_AutoUVMaxAngle: 89
  m_LightmapParameters: {fileID: 0}
  m_SortingLayerID: 0
  m_SortingOrder: 0
--- !u!33 &1870257133
MeshFilter:
  m_ObjectHideFlags: 0
  m_PrefabParentObject: {fileID: 3384718, guid: edd83bc6ac0cf6a4892fbfc16a3ac060,
    type: 2}
  m_PrefabInternal: {fileID: 1515328271}
  m_GameObject: {fileID: 1870257131}
  m_Mesh: {fileID: 4300002, guid: a2f4e0362daaec94fa28278779f3e17c, type: 3}
--- !u!1 &1872935194
GameObject:
  m_ObjectHideFlags: 0
  m_PrefabParentObject: {fileID: 188278, guid: f64f7fe510a08a14180ef61b151b5cf6, type: 2}
  m_PrefabInternal: {fileID: 1830595120}
  serializedVersion: 4
  m_Component:
  - 4: {fileID: 1830595121}
  m_Layer: 0
  m_Name: OfficeChair
  m_TagString: Untagged
  m_Icon: {fileID: 0}
  m_NavMeshLayer: 0
  m_StaticEditorFlags: 4294967295
  m_IsActive: 1
--- !u!1 &2089848848
GameObject:
  m_ObjectHideFlags: 0
  m_PrefabParentObject: {fileID: 126938, guid: 9a6c540ad24af05428bc2fefbf84bfef, type: 2}
  m_PrefabInternal: {fileID: 664361225}
  serializedVersion: 4
  m_Component:
  - 4: {fileID: 2089848849}
  - 33: {fileID: 2089848851}
  - 23: {fileID: 2089848850}
  m_Layer: 0
  m_Name: Mattress
  m_TagString: Untagged
  m_Icon: {fileID: 0}
  m_NavMeshLayer: 0
  m_StaticEditorFlags: 4294967295
  m_IsActive: 1
--- !u!4 &2089848849
Transform:
  m_ObjectHideFlags: 0
  m_PrefabParentObject: {fileID: 401560, guid: 9a6c540ad24af05428bc2fefbf84bfef, type: 2}
  m_PrefabInternal: {fileID: 664361225}
  m_GameObject: {fileID: 2089848848}
  m_LocalRotation: {x: 0, y: -0.043619394, z: 0, w: 0.99904823}
  m_LocalPosition: {x: -0.043, y: 0.459, z: 0.01}
  m_LocalScale: {x: 1, y: 1, z: 1}
  m_Children: []
  m_Father: {fileID: 664361226}
  m_RootOrder: 5
--- !u!23 &2089848850
MeshRenderer:
  m_ObjectHideFlags: 0
  m_PrefabParentObject: {fileID: 2350682, guid: 9a6c540ad24af05428bc2fefbf84bfef,
    type: 2}
  m_PrefabInternal: {fileID: 664361225}
  m_GameObject: {fileID: 2089848848}
  m_Enabled: 1
  m_CastShadows: 1
  m_ReceiveShadows: 1
  m_Materials:
  - {fileID: 2100000, guid: a9e4c5fd7433f6148b8294e5cf54e5ec, type: 2}
  m_SubsetIndices: 
  m_StaticBatchRoot: {fileID: 0}
  m_UseLightProbes: 1
  m_ReflectionProbeUsage: 1
  m_ProbeAnchor: {fileID: 0}
  m_ScaleInLightmap: 1
  m_PreserveUVs: 0
  m_IgnoreNormalsForChartDetection: 0
  m_ImportantGI: 0
  m_MinimumChartSize: 4
  m_AutoUVMaxDistance: 0.5
  m_AutoUVMaxAngle: 89
  m_LightmapParameters: {fileID: 0}
  m_SortingLayerID: 0
  m_SortingOrder: 0
--- !u!33 &2089848851
MeshFilter:
  m_ObjectHideFlags: 0
  m_PrefabParentObject: {fileID: 3369286, guid: 9a6c540ad24af05428bc2fefbf84bfef,
    type: 2}
  m_PrefabInternal: {fileID: 664361225}
  m_GameObject: {fileID: 2089848848}
  m_Mesh: {fileID: 4300002, guid: 842f77c9364c7e04ca4417af4edc781c, type: 3}
--- !u!1001 &2091468523
Prefab:
  m_ObjectHideFlags: 0
  serializedVersion: 2
  m_Modification:
    m_TransformParent: {fileID: 1808909775}
    m_Modifications:
    - target: {fileID: 494292, guid: c916b1f1be453f848a2a11b587e4a87b, type: 2}
      propertyPath: m_LocalPosition.x
      value: -4.647
      objectReference: {fileID: 0}
    - target: {fileID: 494292, guid: c916b1f1be453f848a2a11b587e4a87b, type: 2}
      propertyPath: m_LocalPosition.y
      value: 0
      objectReference: {fileID: 0}
    - target: {fileID: 494292, guid: c916b1f1be453f848a2a11b587e4a87b, type: 2}
      propertyPath: m_LocalPosition.z
      value: -2.043
      objectReference: {fileID: 0}
    - target: {fileID: 494292, guid: c916b1f1be453f848a2a11b587e4a87b, type: 2}
      propertyPath: m_LocalRotation.x
      value: 0
      objectReference: {fileID: 0}
    - target: {fileID: 494292, guid: c916b1f1be453f848a2a11b587e4a87b, type: 2}
      propertyPath: m_LocalRotation.y
      value: 0.72168165
      objectReference: {fileID: 0}
    - target: {fileID: 494292, guid: c916b1f1be453f848a2a11b587e4a87b, type: 2}
      propertyPath: m_LocalRotation.z
      value: 0
      objectReference: {fileID: 0}
    - target: {fileID: 494292, guid: c916b1f1be453f848a2a11b587e4a87b, type: 2}
      propertyPath: m_LocalRotation.w
      value: 0.69222516
      objectReference: {fileID: 0}
    - target: {fileID: 494292, guid: c916b1f1be453f848a2a11b587e4a87b, type: 2}
      propertyPath: m_RootOrder
      value: 1
      objectReference: {fileID: 0}
    - target: {fileID: 111540, guid: c916b1f1be453f848a2a11b587e4a87b, type: 2}
      propertyPath: m_StaticEditorFlags
      value: 4294967295
      objectReference: {fileID: 0}
    - target: {fileID: 145318, guid: c916b1f1be453f848a2a11b587e4a87b, type: 2}
      propertyPath: m_StaticEditorFlags
      value: 4294967295
      objectReference: {fileID: 0}
    - target: {fileID: 116318, guid: c916b1f1be453f848a2a11b587e4a87b, type: 2}
      propertyPath: m_StaticEditorFlags
      value: 4294967295
      objectReference: {fileID: 0}
    - target: {fileID: 121342, guid: c916b1f1be453f848a2a11b587e4a87b, type: 2}
      propertyPath: m_StaticEditorFlags
      value: 4294967295
      objectReference: {fileID: 0}
    - target: {fileID: 122036, guid: c916b1f1be453f848a2a11b587e4a87b, type: 2}
      propertyPath: m_StaticEditorFlags
      value: 4294967295
      objectReference: {fileID: 0}
    - target: {fileID: 114970, guid: c916b1f1be453f848a2a11b587e4a87b, type: 2}
      propertyPath: m_StaticEditorFlags
      value: 4294967295
      objectReference: {fileID: 0}
    m_RemovedComponents: []
  m_ParentPrefab: {fileID: 100100000, guid: c916b1f1be453f848a2a11b587e4a87b, type: 2}
  m_RootGameObject: {fileID: 2129199716}
  m_IsPrefabParent: 0
--- !u!4 &2091468524
Transform:
  m_ObjectHideFlags: 0
  m_PrefabParentObject: {fileID: 494292, guid: c916b1f1be453f848a2a11b587e4a87b, type: 2}
  m_PrefabInternal: {fileID: 2091468523}
  m_GameObject: {fileID: 2129199716}
  m_LocalRotation: {x: 0, y: 0.72168165, z: 0, w: 0.69222516}
  m_LocalPosition: {x: -4.647, y: 0, z: -2.043}
  m_LocalScale: {x: 1, y: 1, z: 1}
  m_Children:
  - {fileID: 335293095}
  - {fileID: 1580042124}
  - {fileID: 2133503239}
  - {fileID: 338635504}
  - {fileID: 953072195}
  m_Father: {fileID: 1808909775}
  m_RootOrder: 1
--- !u!1 &2113065863
GameObject:
  m_ObjectHideFlags: 0
  m_PrefabParentObject: {fileID: 194222, guid: 1a10a7e9a77ae1747acd7fa508ee6508, type: 2}
  m_PrefabInternal: {fileID: 1819801355}
  serializedVersion: 4
  m_Component:
  - 4: {fileID: 1819801356}
  - 33: {fileID: 2113065865}
  - 23: {fileID: 2113065864}
  m_Layer: 0
  m_Name: Radiator
  m_TagString: Untagged
  m_Icon: {fileID: 0}
  m_NavMeshLayer: 0
  m_StaticEditorFlags: 4294967295
  m_IsActive: 1
--- !u!23 &2113065864
MeshRenderer:
  m_ObjectHideFlags: 0
  m_PrefabParentObject: {fileID: 2372204, guid: 1a10a7e9a77ae1747acd7fa508ee6508,
    type: 2}
  m_PrefabInternal: {fileID: 1819801355}
  m_GameObject: {fileID: 2113065863}
  m_Enabled: 1
  m_CastShadows: 1
  m_ReceiveShadows: 1
  m_Materials:
  - {fileID: 2100000, guid: 2bafa92bc95e3bc40a78701c32b53d4c, type: 2}
  m_SubsetIndices: 
  m_StaticBatchRoot: {fileID: 0}
  m_UseLightProbes: 1
  m_ReflectionProbeUsage: 1
  m_ProbeAnchor: {fileID: 0}
  m_ScaleInLightmap: 1
  m_PreserveUVs: 0
  m_IgnoreNormalsForChartDetection: 0
  m_ImportantGI: 0
  m_MinimumChartSize: 4
  m_AutoUVMaxDistance: 0.5
  m_AutoUVMaxAngle: 89
  m_LightmapParameters: {fileID: 0}
  m_SortingLayerID: 0
  m_SortingOrder: 0
--- !u!33 &2113065865
MeshFilter:
  m_ObjectHideFlags: 0
  m_PrefabParentObject: {fileID: 3319336, guid: 1a10a7e9a77ae1747acd7fa508ee6508,
    type: 2}
  m_PrefabInternal: {fileID: 1819801355}
  m_GameObject: {fileID: 2113065863}
  m_Mesh: {fileID: 4300002, guid: 6b60a33948a67d74e9b50c88cfcb1c49, type: 3}
--- !u!1 &2122134591
GameObject:
  m_ObjectHideFlags: 0
  m_PrefabParentObject: {fileID: 142054, guid: 165fd7592c6d8d9439ed3b1102bc939f, type: 2}
  m_PrefabInternal: {fileID: 396304560}
  serializedVersion: 4
  m_Component:
  - 4: {fileID: 2122134592}
  - 33: {fileID: 2122134594}
  - 23: {fileID: 2122134593}
  m_Layer: 0
  m_Name: OfficeTable_book2
  m_TagString: Untagged
  m_Icon: {fileID: 0}
  m_NavMeshLayer: 0
  m_StaticEditorFlags: 4294967295
  m_IsActive: 1
--- !u!4 &2122134592
Transform:
  m_ObjectHideFlags: 0
  m_PrefabParentObject: {fileID: 451398, guid: 165fd7592c6d8d9439ed3b1102bc939f, type: 2}
  m_PrefabInternal: {fileID: 396304560}
  m_GameObject: {fileID: 2122134591}
  m_LocalRotation: {x: -0.004042569, y: 0.037542194, z: -0.106985986, w: 0.9935433}
  m_LocalPosition: {x: -0.6117255, y: 0.9759975, z: 0.12850331}
  m_LocalScale: {x: 1.0000001, y: 1, z: 1}
  m_Children: []
  m_Father: {fileID: 396304561}
  m_RootOrder: 2
--- !u!23 &2122134593
MeshRenderer:
  m_ObjectHideFlags: 0
  m_PrefabParentObject: {fileID: 2323920, guid: 165fd7592c6d8d9439ed3b1102bc939f,
    type: 2}
  m_PrefabInternal: {fileID: 396304560}
  m_GameObject: {fileID: 2122134591}
  m_Enabled: 1
  m_CastShadows: 1
  m_ReceiveShadows: 1
  m_Materials:
  - {fileID: 2100000, guid: 82e24537e90c0884ca29a92eb19e672e, type: 2}
  m_SubsetIndices: 
  m_StaticBatchRoot: {fileID: 0}
  m_UseLightProbes: 1
  m_ReflectionProbeUsage: 1
  m_ProbeAnchor: {fileID: 0}
  m_ScaleInLightmap: 1
  m_PreserveUVs: 0
  m_IgnoreNormalsForChartDetection: 0
  m_ImportantGI: 0
  m_MinimumChartSize: 4
  m_AutoUVMaxDistance: 0.5
  m_AutoUVMaxAngle: 89
  m_LightmapParameters: {fileID: 0}
  m_SortingLayerID: 0
  m_SortingOrder: 0
--- !u!33 &2122134594
MeshFilter:
  m_ObjectHideFlags: 0
  m_PrefabParentObject: {fileID: 3302396, guid: 165fd7592c6d8d9439ed3b1102bc939f,
    type: 2}
  m_PrefabInternal: {fileID: 396304560}
  m_GameObject: {fileID: 2122134591}
  m_Mesh: {fileID: 4300010, guid: 701d15f6915bc1843885e1c8a42762cf, type: 3}
--- !u!1 &2129199716
GameObject:
  m_ObjectHideFlags: 0
  m_PrefabParentObject: {fileID: 114970, guid: c916b1f1be453f848a2a11b587e4a87b, type: 2}
  m_PrefabInternal: {fileID: 2091468523}
  serializedVersion: 4
  m_Component:
  - 4: {fileID: 2091468524}
  m_Layer: 0
  m_Name: Wardrobe_A
  m_TagString: Untagged
  m_Icon: {fileID: 0}
  m_NavMeshLayer: 0
  m_StaticEditorFlags: 4294967295
  m_IsActive: 1
--- !u!1 &2133503238
GameObject:
  m_ObjectHideFlags: 0
  m_PrefabParentObject: {fileID: 116318, guid: c916b1f1be453f848a2a11b587e4a87b, type: 2}
  m_PrefabInternal: {fileID: 2091468523}
  serializedVersion: 4
  m_Component:
  - 4: {fileID: 2133503239}
  - 33: {fileID: 2133503241}
  - 23: {fileID: 2133503240}
  m_Layer: 0
  m_Name: Wardrobe_box_top
  m_TagString: Untagged
  m_Icon: {fileID: 0}
  m_NavMeshLayer: 0
  m_StaticEditorFlags: 4294967295
  m_IsActive: 1
--- !u!4 &2133503239
Transform:
  m_ObjectHideFlags: 0
  m_PrefabParentObject: {fileID: 400852, guid: c916b1f1be453f848a2a11b587e4a87b, type: 2}
  m_PrefabInternal: {fileID: 2091468523}
  m_GameObject: {fileID: 2133503238}
  m_LocalRotation: {x: 0.000000021855694, y: 0, z: 0, w: 1}
  m_LocalPosition: {x: 0, y: 0.396875, z: 0.377}
  m_LocalScale: {x: 1, y: 1, z: 1}
  m_Children: []
  m_Father: {fileID: 2091468524}
  m_RootOrder: 2
--- !u!23 &2133503240
MeshRenderer:
  m_ObjectHideFlags: 0
  m_PrefabParentObject: {fileID: 2314726, guid: c916b1f1be453f848a2a11b587e4a87b,
    type: 2}
  m_PrefabInternal: {fileID: 2091468523}
  m_GameObject: {fileID: 2133503238}
  m_Enabled: 1
  m_CastShadows: 1
  m_ReceiveShadows: 1
  m_Materials:
  - {fileID: 2100000, guid: 300e499f28e36834fba15eca555e0d30, type: 2}
  m_SubsetIndices: 
  m_StaticBatchRoot: {fileID: 0}
  m_UseLightProbes: 1
  m_ReflectionProbeUsage: 1
  m_ProbeAnchor: {fileID: 0}
  m_ScaleInLightmap: 1
  m_PreserveUVs: 0
  m_IgnoreNormalsForChartDetection: 0
  m_ImportantGI: 0
  m_MinimumChartSize: 4
  m_AutoUVMaxDistance: 0.5
  m_AutoUVMaxAngle: 89
  m_LightmapParameters: {fileID: 0}
  m_SortingLayerID: 0
  m_SortingOrder: 0
--- !u!33 &2133503241
MeshFilter:
  m_ObjectHideFlags: 0
  m_PrefabParentObject: {fileID: 3313478, guid: c916b1f1be453f848a2a11b587e4a87b,
    type: 2}
  m_PrefabInternal: {fileID: 2091468523}
  m_GameObject: {fileID: 2133503238}
  m_Mesh: {fileID: 4300002, guid: b3479b1b8a638db4bba7239e7dbf4e76, type: 3}
